1722 2823
289 91 405 122 xvin

245 156 425 213 cubus,
463 149 640 209 fluviis,
676 143 899 207 vallibus,
938 141 1152 207 planitie,
1200 136 1546 204 paludibusque

244 234 467 284 omnibus
522 228 665 277 verba
720 226 885 271 facere.
943 223 1035 268 Sed
1089 221 1204 267 haec
1249 220 1547 285 praetermit-

246 327 341 363 tere
387 329 515 360 nunc
570 309 712 369 licet,
761 324 870 352 cum
924 320 1088 349 onmes
1149 302 1344 348 ditionis
1395 309 1551 363 partes

245 395 403 443 adhuc
430 409 527 438 non
554 386 930 455 peragraverim,
952 384 1342 445 cognitionesque
1369 381 1431 427 ad
1458 381 1549 426 hoe

247 494 367 541 opus
393 468 750 520 conficiendum
782 465 1071 512 necessariae
1100 465 1147 508 in
1179 480 1399 527 praesens
1435 460 1550 508 inihi

249 557 421 603 desint.

359 636 632 698 Antequam
678 645 790 677 vero
827 627 1035 674 sermon-i
1073 626 1218 672 linem
1264 623 1518 670 adhibeam
1543 659 1553 679 ‚

249 717 459 764 monitos
494 713 604 760 volo
631 710 864 769 lectores,
899 724 976 752 me
1002 707 1051 751 in
1083 704 1399 770 prodromum
1426 703 1556 749 hunc

251 794 545 843 elaborando
592 800 803 855 systema
852 785 1136 834 immortalis
1182 786 1383 832 Limzaei
1426 800 1559 828 secu-

252 887 358 923 tum
393 891 522 935 esse,
568 881 615 917 et
660 886 886 931 generum
939 858 1301 931 sflmcierumque
1363 864 1559 910 nomina

253 974 309 1003 ex
345 953 569 1020 operibus
607 949 903 998 celeberrimi
941 947 1247 994 lt'illdenovii
1277 945 1372 990 sere
1399 944 1558 989 onmia

254 1035 616 1100 deprompsisse.
676 1030 1035 1093 Descriptiones
1098 1027 1317 1090 stirpium
1339 1062 1352 1082 ,
1418 1033 1560 1087 atque

255 1115 599 1181 synonymiam
657 1112 830 1172 omisi,
869 1119 917 1155 et
974 1106 1278 1156 solummodo
1337 1104 1527 1151 illarum
1554 1140 1564 1154 ,

258 1214 374 1261 quas
410 1197 609 1258 ipsemet
645 1190 720 1238 vol
756 1190 845 1252 legi
883 1188 955 1235 vel
994 1187 1117 1249 vidi,
1148 1186 1562 1232 enumerationem

257 1276 474 1337 exhibui,
510 1274 765 1320 stationem
792 1279 933 1333 atque.
960 1265 1340 1314 inflorescentiae
1378 1273 1566 1329 tempu-s

259 1356 500 1416 indicavi,
537 1363 590 1399 ut
624 1348 1064 1414 botanophilorum
1118 1344 1375 1393 commodo
1419 1345 1567 1390 inser-

264 1438 422 1483 virem.
462 1435 578 1480 Meis
615 1449 715 1478 non
753 1429 954 1476 credens
993 1425 1176 1473 viribus
1200 1426 1250 1471 in
1276 1424 1432 1471 dubiis
1468 1440 1567 1487 spe-

261 1516 424 1562 ciebus
443 1511 708 1560 statuendis
727 1509 1026 1555 humanitate
1048 1505 1563 1569 praestantissimorum

260 1595 599 1643 ,botanicorum
635 1589 864 1654 Dynastis
907 1587 1148 1635 ls'vlelwzii
1187 1585 1364 1631 montis
1410 1585 1569 1631 Rosac

264 1672 549 1740 topographi
587 1670 878 1718 solertissimi
918 1677 963 1712 et
1001 1667 1210 1712 Alos-ettii
1238 1667 1287 1711 in
1323 1664 1568 1710 Ticinensi

264 1755 512 1802 Athenaeo
551 1752 616 1798 rei
671 1750 877 1811 agrariae
933 1747 1216 1793 l‘rol'essoris
1269 1743 1564 1791 celeberrimi

267 1853 376 1882 usus
439 1850 558 1879 suin.
625 1832 900 1876 Amicorum
952 1828 1305 1873 ‹m-isshuorum
1360 1823 1570 1870 consiliis

267 1913 611 1981 praesidiisque
646 1909 898 1957 suffultus.
938 1926 1022 1972 pro
1061 1906 1233 1971 quibus
1270 1905 1442 1968 gratias
1485 1919 1573 1964 ago

269 2013 412 2061 quam
450 1993 702 2053 nmximas,
738 1989 921 2054 opellae
962 2006 1091 2033 meac
1119 2003 1315 2032 manum
1346 1984 1569 2049 imposui,

272 2084 319 2122 et
352 2073 483 2121 illam
509 2082 561 2119 ut
581 2073 715 2137 potui
753 2069 933 2117 absolvi
969 2086 1052 2134 spe
1092 2069 1236 2113 fretus
1273 2070 1410 2125 (cnm
1438 2063 1574 2128 plan—

275 2166 452 2216 tarum,
489 2162 536 2200 et
570 2169 626 2200 ex
661 2152 753 2199 illis
788 2152 1048 2212 rariorum,
1084 2156 1253 2212 sponte
1298 2147 1345 2192 in
1380 2145 1573 2210 provin-

273 2237 345 2283 cia
382 2234 698 2281 crescentium
725 2231 931 2278 indicem
960 2248 984 2276 a
1012 2229 1204 2276 nemine
1231 2243 1380 2292 usque
1415 2224 1575 2271 adhuc

275 2315 457 2362 editum
490 2318 704 2379 spectet)
742 2321 987 2377 acceptam
1026 2319 1168 2374 atque
1216 2324 1317 2355 non
1352 2305 1575 2354 inutilem

277 2397 327 2444 in
351 2392 758 2462 peragrationibus
788 2392 885 2440 sore
924 2389 1037 2455 inis,
1066 2390 1147 2454 qui
1175 2398 1364 2438 montes
1388 2397 1577 2437 nostros
