1722 2823
304 135 389 194 134

337 265 476 332 CL.
524 263 748 332 XVII.
802 265 1412 336 DIADELPHIA.

690 471 855 512 JIEXA
863 472 942 512 ΝΒ
949 471 1061 512 RJA.

221 695 318 752 875.
350 648 635 735 FUMARIA
667 693 879 732 bulbosa
908 692 1024 731 Linn.
1058 706 1167 747 spec.
1195 694 1253 748 pl.
1284 694 1346 734 ed.
1382 695 1531 738 lVilld.

369 766 415 804 T.
449 766 485 804 5.
515 780 560 818 p.
592 763 687 804 860.

279 836 444 875 Habitat
474 838 515 873 in
547 835 642 874 locis
673 835 870 874 umbrosis
900 834 949 873 ad
982 835 1134 875 radices
1166 838 1386 886 montium,
1416 846 1534 892 atque

335 909 376 945 in
406 905 521 960 sylvis
553 920 675 960 prope
708 905 880 945 Comum
900 933 911 954 ,
942 907 1099 961 copiose
1138 920 1164 945 a
1211 905 1257 945 S.
1307 906 1534 948 Abhondio.

334 976 397 1017 Fl.
431 978 574 1016 martio
592 1005 604 1025 ‚
633 975 766 1031 aprili.

223 1047 316 1105 876.
348 1048 596 1087 FUMARIA
627 1047 769 1087 lutea
815 1045 931 1087 Lz'nn.
961 1061 1068 1103 spec.
1094 1047 1157 1102 pl.
1172 1047 1234 1087 ed.
1257 1047 1405 1089 PVa'lld.
1430 1051 1476 1088 T.
1497 1051 1534 1090 ’5.

361 1134 403 1173 ρ.
435 1118 529 1158 865.

275 1190 469 1231 Abundat
517 1191 558 1229 in
603 1189 704 1229 locis
750 1189 946 1228 umbrosis
997 1190 1258 1229 humentibus
1305 1192 1502 1229 montium
1522 1221 1535 1238 ,

334 1270 453 1316 atque
485 1263 523 1299 in
558 1260 801 1314 rupestribus
831 1274 858 1297 a
889 1259 1024 1297 Blevio
1044 1288 1055 1307 ‚
1084 1259 1170 1297 alla
1214 1258 1433 1309 Pliniana,
1481 1259 1537 1299 ad

339 1332 437 1371 Urio
456 1361 467 1379 ,
500 1331 670 1369 Bn'enno
700 1345 755 1369 ec.
786 1329 847 1370 1³1.
881 1333 984 1384 majo
1003 1361 1015 1378 ,
1048 1333 1189 1384 junio,
1220 1329 1535 1384 julio,augusto.

222 1402 316 1459 877.
347 1403 592 1442 FUMARIA
625 1400 921 1457 Capnoides
954 1401 1073 1444 Linn.
1099 1415 1207 1457 spec.
1222 1402 1282 1457 pl.
1301 1401 1365 1441 ed.
1385 1401 1534 1444 Wlld.

368 1472 418 1512 T.
450 1475 488 1513 3.
516 1488 560 1527 p.
594 1472 691 1513 866.

277 1544 427 1584 Crescit
458 1546 497 1584 in
530 1552 665 1584 monte
698 1543 834 1583 Canzo
854 1572 866 1592 ‚
895 1543 938 1583 al
967 1543 1082 1583 Bzaeo
1110 1541 1180 1582 del
1205 1543 1370 1599 piombo
1414 1558 1534 1600 supra

334 1614 449 1655 Erba
467 1644 480 1664 ‚
508 1623 547 1656 et
577 1614 690 1655 alibi.
721 1615 784 1655 Fl.
816 1617 947 1669 junio,
977 1614 1098 1667 julio,
1127 1623 1306 1668 augusto.

221 1685 315 1743 878.
345 1687 589 1726 FUMARIA
619 1686 910 1740 officinalis
942 1684 1058 1725 Linn.
1089 1701 1195 1741 spec.
1225 1687 1282 1740 pl.
1300 1685 1365 1726 ed.
1385 1685 1534 1727 lViud.

368 1758 414 1797 T.
449 1758 486 1797 3.
516 1772 560 1812 p.
594 1756 690 1814 867.

279 1828 456 1869 Obviam
489 1830 603 1868 venit
632 1831 672 1868 in
704 1829 851 1877 honis,
883 1836 1005 1884 atque
1035 1831 1076 1869 in
1102 1829 1198 1869 locis
1226 1828 1344 1869 cultis
1373 1828 1534 1882 ubique.

334 1900 396 1940 Fl.
430 1901 603 1950 martio,
623 1899 768 1956 aprili,
800 1903 920 1955 majo.

701 2041 957 2083 OCTAND
966 2042 1081 2082 RJA.

223 2183 318 2241 879.
348 2184 640 2227 POLYGALA
669 2200 843 2226 amara
890 2185 1004 2225 Linn.
1051 2200 1156 2241 spec.
1199 2184 1258 2240 pl.
1290 2182 1352 2222 ed.
1387 2180 1533 2221 ll'illd.

370 2256 416 2294 T.
449 2257 486 2296 3.
516 2272 559 2311 p.
591 2257 688 2314 872.

278 2327 463 2367 Nascitur
492 2330 532 2367 in
564 2331 718 2383 pascuis
750 2331 974 2378 montanis,
1003 2337 1040 2369 et
1061 2331 1099 2368 in
1118 2327 1230 2382 sylvis
1249 2328 1393 2382 apricis
1411 2327 1532 2365 etiam

335 2414 458 2456 prope
488 2400 674 2442 Comum.
706 2401 768 2442 Pl.
799 2403 933 2456 majo,
965 2403 1074 2456 junio
1094 2429 1106 2451 ,
1135 2397 1233 2454 julio
1255 2429 1267 2449 ,
1297 2405 1476 2453 augusto.
