1722 2823
306 87 367 152 70

449 217 587 283 CL.
637 216 728 283 X.
779 215 1353 283 DECANDRIA

703 410 1093 451 MONOGYMA.

253 611 350 666 [493.
382 564 616 652 CERCIS
658 607 1032 662 Siliquascrum
1077 604 1191 645 Lirm.
1235 621 1341 662 spec.
1382 611 1441 664 pl.
1488 610 1552 650 cd.

393 680 540 720 Jl'illtl.
578 679 630 718 T.
659 693 695 718 2.
726 694 768 732 p.
803 679 895 734 507.

302 753 487 792 Nascitur
518 753 557 789 in
587 749 701 804 sylvis
732 758 768 787 et
798 748 968 787 dumetis
984 747 1034 786 ad
1061 748 1212 788 radices
1232 752 1427 791 montium
1445 751 1554 792 della

364 822 642 867 Tremezzina,
671 827 709 857 et
739 819 916 857 abundat
934 821 1162 872 pracsertim
1183 821 1221 859 in
1240 822 1397 874 sepibus
1430 838 1553 878 prope

361 907 478 946 pagos
509 891 553 929 di
583 890 851 942 Bonzanigo,
884 897 921 927 ct
955 888 1101 927 Viano.
1132 889 1193 930 Fl-
1225 894 1355 945 majo,
1387 894 1516 947 junio.

249 961 693 1018 495.D1CTAMNUS
724 960 869 998 albus
907 959 1022 998 Linn.
1055 975 1159 1015 spec,
1203 962 1260 1016 pl.
1295 961 1357 1002 ed.
1406 965 1552 1004 lVillcl.

395 1033 442 1071 T.
475 1048 512 1073 2.
541 1047 586 1086 p.
619 1030 712 1082 541.

302 1107 512 1160 Reperitur
542 1106 584 1143 in
616 1111 748 1142 monte
779 1103 869 1143 urbi
901 1105 1087 1158 propiore
1117 1105 1323 1144 Orientem
1354 1114 1554 1160 spectante

358 1191 476 1230 supra
509 1173 553 1213 S.
577 1175 797 1228 Agostino,
829 1189 854 1212 α
877 1174 1129 1222 Carasm'one,
1158 1183 1276 1228 atque
1306 1176 1404 1214 nelle
1425 1177 1553 1215 Gros-

357 1247 464 1300 galle
495 1248 597 1284 inter
641 1245 818 1284 Lezzeno
862 1253 900 1283 et
931 1245 1128 1297 Bellagio.
1159 1245 1220 1285 ΓΙ.
1256 1248 1391 1301 majo,
1430 1249 1554 1301 junio.

249 1316 348 1373 495.
377 1317 524 1356 RUTA
552 1315 802 1370 graveole
818 1329 874 1354 ns
905 1314 1021 1354 Linn.
1050 1329 1156 1370 spec.
1203 1316 1262 1371 pl.
1309 1315 1373 1356 ed.
1408 1317 1554 1358 lVilld.

396 1388 443 1427 T.
476 1403 514 1428 2.
543 1403 590 1442 p.
623 1385 717 1438 542.

304 1460 452 1499 Crescit
482 1461 584 1498 inter
611 1471 700 1497 saxa
729 1472 756 1496 a
790 1457 899 1497 Geno
919 1487 930 1506 ‚
962 1456 1086 1498 Pizzo
1106 1487 1117 1507 ,
1147 1467 1268 1512 atque
1299 1460 1341 1498 in
1373 1459 1546 1500 dumetis

363 1546 484 1585 supra
513 1530 747 1583 Bonzanigo
776 1530 818 1568 in
851 1529 1118 1569 Tremezzina.
1149 1529 1211 1568 Fl.
1245 1533 1350 1585 majo
1369 1558 1382 1579 ,
1411 1533 1522 1586 junio
1542 1562 1553 1580 ‚

364 1601 475 1657 julio.

250 1670 344 1726 496.
376 1671 637 1711 TRIBULUS
668 1672 932 1711 terrestris
963 1671 1076 1710 Linn.
1107 1686 1211 1727 spec.
1229 1674 1286 1728 pl.
1309 1673 1374 1713 ed.
1402 1673 1550 1715 Ithld.

397 1742 445 1781 T.
477 1757 515 1782 2.
543 1758 586 1798 p.
622 1743 716 1800 567.

307 1814 451 1852 Oritur
482 1815 521 1852 in
553 1816 657 1867 agris
686 1815 827 1862 siccis,
856 1822 980 1868 atque
1031 1815 1072 1853 in
1103 1813 1197 1854 locis
1240 1814 1400 1854 incultis
1432 1816 1555 1856 aridis

363 1885 599 1924 Provinciae
630 1885 912 1924 meridionalis.
947 1885 1007 1924 Fl-
1040 1887 1177 1938 junio,
1209 1885 1320 1939 julio.

252 1952 346 2011 [297.
365 1956 667 1996 RHODODEN
678 1956 820 1996 DRON
844 1958 1201 2010 ferrugineum
1220 1956 1337 1996 Linn.
1358 1971 1465 2012 spec.
1491 1957 1553 2012 pl.

394 2026 454 2065 ed.
490 2025 635 2066 lVilld.
672 2028 721 2067 T.
753 2043 790 2068 2.
821 2042 862 2076 p.
895 2029 991 2068 603.

307 2097 508 2150 Frequens
537 2106 592 2137 est
622 2100 663 2138 in
696 2099 897 2139 montibus
928 2100 1035 2138 Lai-ii
1067 2097 1176 2138 lacus
1194 2126 1206 2148 ,
1235 2107 1355 2152 atque
1385 2099 1427 2137 in
1474 2097 1554 2140 illis

366 2169 493 2208 Como
527 2171 785 2210 vicinioribus
815 2186 838 2210 a
856 2170 984 2210 limite
1001 2172 1099 2224 Fagi
1118 2184 1243 2224 usque
1263 2169 1313 2209 ad
1335 2170 1554 2209 terminum

364 2240 527 2280 Abietis.
557 2243 643 2294 Ego
675 2244 808 2282 inveni
839 2245 960 2282 etiam
991 2242 1042 2281 ad
1071 2242 1247 2281 radicem
1278 2243 1420 2280 montis
1448 2239 1553 2279 delle

364 2321 424 2349 tre
455 2309 571 2351 Croci
597 2327 721 2368 prope
750 2313 856 2355 Lora
885 2315 926 2354 in
958 2315 1116 2366 regione
1145 2312 1310 2353 collina.
1330 2311 1392 2353 Fl.
1412 2313 1552 2366 junio,

368 2380 464 2435 julio
483 2413 494 2429 ‚
527 2391 705 2436 augusto.
