1722 2823
298 73 375 102 xvi

247 145 294 181 et
330 134 483 180 solum
521 143 721 179 martem
758 150 1004 180 ocraeeam
1049 135 1270 183 exhibere
1320 143 1551 203 composi-

253 217 428 261 tionem
469 213 575 260 loco
615 215 839 279 Cascam,
875 224 916 260 et
956 215 1285 280 sulphur-atam
1324 220 1373 265 in
1419 219 1552 266 Valle

248 296 454 342 Saxina.

357 376 572 439 Montes,
626 378 706 441 qui
761 377 1100 441 praecedentes
1155 389 1552 444 consequuntur,

246 465 386 521 atque
440 457 501 503 ad
546 458 661 526 lines
706 458 982 516 Briantiae,
1027 468 1073 504 et
1120 460 1216 521 agri
1270 459 1329 508 V
1324 465 1556 510 ans-[ensis

246 554 294 583 se
332 537 623 600 extendunt,
661 555 826 585 omnes
870 556 925 585 ex
968 539 1238 586 carbonatis
1286 539 1550 587 calcaribus

243 627 356 665 sunt
399 620 670 681 constituti,
707 628 848 683 atque
892 618 953 665 ad
987 619 1292 666 secundarias
1334 630 1554 684 spectant

247 699 570 745 formationes.
622 697 895 745 Carbonata
933 698 1050 746 haec
1087 716 1250 747 revera
1295 717 1555 762 omogenea

243 795 342 824 non
378 789 510 842 sunt,
547 797 658 825 cum
694 797 719 824 a
756 779 886 826 calce
913 779 1171 826 carbonata
1209 791 1460 846 compacta
1503 784 1555 828 in

243 858 616 906 alhuninit‘eram
658 860 1001 907 bituminosam
1041 859 1178 906 facilc
1232 870 1554 908 transmuten-

247 949 334 985 tur.
364 939 539 986 Inutile
576 939 708 986 haud
743 949 859 1004 puto
886 939 964 986 hic
993 939 1177 1003 dicere,
1216 941 1553 988 formationem

239 1021 379 1066 istam
415 1018 649 1065 calcarem
673 1020 723 1065 in
749 1021 1143 1083 primigeniorum
1164 1023 1403 1068 montium
1441 1021 1552 1069 dor-

240 1117 346 1146 sum
382 1100 657 1164 impositam
694 1100 858 1161 suisse7
890 1109 1031 1163 atquc
1056 1118 1080 1145 a
1103 1101 1378 1164 primordiis
1407 1103 1553 1148 etiam

243 1181 294 1226 in
329 1179 436 1226 illos
464 1182 685 1227 Domasii
717 1180 1020 1241 incubuisse,
1058 1198 1168 1226 cnm
1208 1190 1393 1227 tantum
1422 1181 1551 1245 illic,

243 1269 479 1324 quantum
508 1261 559 1306 in
590 1260 836 1306 montibus
870 1259 1176 1306 inferioribus
1206 1277 1372 1307 eorum
1411 1263 1554 1308 verti-

245 1358 321 1387 ces
345 1341 441 1387 sere
464 1358 632 1388 omnes
654 1358 710 1387 ex
731 1341 991 1387 carbonata
1014 1340 1195 1387 calcare
1224 1342 1442 1404 congerie
1476 1341 1556 1388 ob-

242 1423 356 1468 tecti
390 1421 657 1468 videantur.
683 1421 879 1469 Pluviae
912 1421 1125 1485 aliaeque
1144 1431 1407 1484 meteorae7
1440 1440 1553 1469 cum

240 1511 398 1566 partes
433 1501 733 1548 sublimiores
770 1502 1003 1548 continuo
1039 1500 1279 1547 solverent
1315 1511 1458 1566 atque
1500 1503 1552 1548 in

235 1583 388 1628 imum
426 1583 755 1646 conjicerent,
791 1581 1062 1647 subjectum
1096 1582 1376 1645 primarium
1415 1581 1552 1629 Schi-

239 1670 366 1707 stum
401 1661 691 1724 enudavere7
728 1662 860 1726 qnod
897 1660 954 1708 de
982 1662 1254 1709 carbonatis
1287 1661 1551 1710 calcaribus

241 1743 482 1788 montium
536 1744 930 1807 primigeniorum
994 1744 1257 1789 summitati
1315 1744 1551 1808 impositis

245 1839 346 1870 non
381 1822 569 1870 accidit.
609 1824 655 1870 Si
692 1841 805 1870 vero
842 1824 892 1870 in
930 1823 1103 1870 horum
1140 1824 1410 1887 regionibus
1451 1840 1552 1870 ma-

246 1920 364 1965 gnae
403 1903 650 1950 carbonati
689 1903 885 1951 calcaris
920 1905 1188 1951 secundarii
1225 1904 1376 1951 moles
1419 1921 1549 1950 nunc

245 1985 579 2047 reperiuntur)
616 1984 747 2031 haud
783 1985 1059 2049 infrequens
1095 1995 1165 2031 est
1209 1985 1468 2033 enudatam
1499 1986 1549 2031 in

245 2064 519 2126 regionibus
557 2064 753 2114 calcaris
794 2066 1063 2112 secundarii
1099 2083 1302 2115 massam
1346 2064 1549 2116 schistof

243 2161 345 2190 sam
381 2145 676 2209 primitivam
702 2147 1002 2210 conspicere,
1040 2164 1159 2212 qnae
1203 2148 1251 2192 in
1299 2145 1392 2192 hoc
1436 2163 1549 2192 casu

247 2223 384 2270 basin
420 2227 660 2272 montium
698 2229 991 2274 transitionis
1028 2228 1287 2274 constituit.
1314 2228 1385 2273 Ex
1419 2226 1548 2274 hisce

252 2304 476 2352 calcareis
505 2307 797 2354 secundariis
822 2318 1011 2355 montes
1038 2309 1254 2365 Cocleno,
1283 2309 1550 2372 Resegone,

255 2384 526 2447 Generoso,
575 2388 805 2448 Bistam,
867 2398 913 2436 et
969 2390 1133 2439 Canzo
1187 2398 1445 2453 constant,
1497 2389 1547 2436 in
