<?xml version="1.0" encoding="UTF-8"?>
<!DOCTYPE html PUBLIC "-//W3C//DTD XHTML 1.0 Transitional//EN"
    "http://www.w3.org/TR/xhtml1/DTD/xhtml1-transitional.dtd">
<html xmlns="http://www.w3.org/1999/xhtml" xml:lang="en" lang="en">
 <head>
  <title>
</title>
<meta http-equiv="Content-Type" content="text/html;charset=utf-8" />
  <meta name='ocr-system' content='tesseract 3.04.00' />
  <meta name='ocr-capabilities' content='ocr_page ocr_carea ocr_par ocr_line ocrx_word'/>
</head>
<body>
  <div class='ocr_page' id='page_1' title='image "./plantarumjosepho00como_0080.png"; bbox 0 0 1722 2823; ppageno 0'>
   <div class='ocr_carea' id='block_1_1' title="bbox 290 86 1276 141">
    <p class='ocr_par' dir='ltr' id='par_1_1' title="bbox 290 86 1276 141">
     <span class='ocr_line' id='line_1_1' title="bbox 290 86 1276 141; baseline -0.006 0"><span class='ocrx_word' id='word_1_1' title='bbox 290 97 352 141; x_wconf 71' lang='lat'><strong>56</strong></span> <span class='ocrx_word' id='word_1_2' title='bbox 522 90 934 139; x_wconf 78' lang='lat' dir='ltr'><strong>PENTANDRIA</strong></span> <span class='ocrx_word' id='word_1_3' title='bbox 985 86 1276 137; x_wconf 88' lang='lat' dir='ltr'><strong>DIGYNIA.</strong></span> 
     </span>
    </p>
   </div>
   <div class='ocr_carea' id='block_1_2' title="bbox 297 223 1544 352">
    <p class='ocr_par' dir='ltr' id='par_1_2' title="bbox 297 223 1544 352">
     <span class='ocr_line' id='line_1_2' title="bbox 297 223 1544 282; baseline -0.005 -15"><span class='ocrx_word' id='word_1_4' title='bbox 297 230 404 267; x_wconf 63' lang='lat' dir='ltr'><strong>llaec</strong></span> <span class='ocrx_word' id='word_1_5' title='bbox 435 229 578 282; x_wconf 85' lang='lat' dir='ltr'><strong>species</strong></span> <span class='ocrx_word' id='word_1_6' title='bbox 616 234 670 265; x_wconf 90' lang='lat' dir='ltr'><strong>est</strong></span> <span class='ocrx_word' id='word_1_7' title='bbox 708 226 825 263; x_wconf 87' lang='lat' dir='ltr'><strong>nimis</strong></span> <span class='ocrx_word' id='word_1_8' title='bbox 871 226 1050 278; x_wconf 82' lang='lat' dir='ltr'><strong>sreqn‘ens</strong></span> <span class='ocrx_word' id='word_1_9' title='bbox 1099 226 1137 262; x_wconf 88' lang='lat' dir='ltr'><strong>in</strong></span> <span class='ocrx_word' id='word_1_10' title='bbox 1185 224 1342 278; x_wconf 78' lang='lat' dir='ltr'>sepibus</span> <span class='ocrx_word' id='word_1_11' title='bbox 1388 223 1544 264; x_wconf 79' lang='lat' dir='ltr'><strong>collinis</strong></span> 
     </span>
     <span class='ocr_line' id='line_1_3' title="bbox 353 295 1543 352; baseline -0.003 -15"><span class='ocrx_word' id='word_1_12' title='bbox 353 300 512 352; x_wconf 82' lang='lat' dir='ltr'><strong>ubique.</strong></span> <span class='ocrx_word' id='word_1_13' title='bbox 546 297 606 337; x_wconf 78' lang='grc' dir='ltr'><strong>ΓΙ.</strong></span> <span class='ocrx_word' id='word_1_14' title='bbox 638 299 743 351; x_wconf 83' lang='lat' dir='ltr'><strong>majo</strong></span> <span class='ocrx_word' id='word_1_15' title='bbox 775 298 814 335; x_wconf 88' lang='lat' dir='ltr'><strong>in</strong></span> <span class='ocrx_word' id='word_1_16' title='bbox 847 295 943 335; x_wconf 86' lang='lat' dir='ltr'><strong>locis</strong></span> <span class='ocrx_word' id='word_1_17' title='bbox 991 295 1309 345; x_wconf 79' lang='lat' dir='ltr'><strong>humilioribus,</strong></span> <span class='ocrx_word' id='word_1_18' title='bbox 1353 302 1391 334; x_wconf 92' lang='lat' dir='ltr'><strong>et</strong></span> <span class='ocrx_word' id='word_1_19' title='bbox 1434 296 1543 347; x_wconf 80' lang='lat' dir='ltr'><strong>junio</strong></span> 
     </span>
    </p>
   </div>
   <div class='ocr_carea' id='block_1_3' title="bbox 353 371 638 409">
    <p class='ocr_par' dir='ltr' id='par_1_3' title="bbox 353 371 638 409">
     <span class='ocr_line' id='line_1_4' title="bbox 353 371 638 409; baseline 0.004 -1"><span class='ocrx_word' id='word_1_20' title='bbox 353 372 392 408; x_wconf 87' lang='lat' dir='ltr'><strong>in</strong></span> <span class='ocrx_word' id='word_1_21' title='bbox 425 371 638 409; x_wconf 86' lang='lat' dir='ltr'><strong>montibus.</strong></span> 
     </span>
    </p>
   </div>
   <div class='ocr_carea' id='block_1_4' title="bbox 238 436 1552 2416">
    <p class='ocr_par' dir='ltr' id='par_1_4' title="bbox 238 436 1541 564">
     <span class='ocr_line' id='line_1_5' title="bbox 238 436 1541 496; baseline -0.007 -14"><span class='ocrx_word' id='word_1_22' title='bbox 238 444 331 496; x_wconf 75' lang='lat'><strong>570.</strong></span> <span class='ocrx_word' id='word_1_23' title='bbox 363 440 846 481; x_wconf 80' lang='lat' dir='ltr'>CHAEROPHYLLUM</span> <span class='ocrx_word' id='word_1_24' title='bbox 878 438 1072 477; x_wconf 80' lang='lat' dir='ltr'><strong>temulu</strong></span> <span class='ocrx_word' id='word_1_25' title='bbox 1087 451 1125 475; x_wconf 85' lang='lat' dir='ltr'><strong>m</strong></span> <span class='ocrx_word' id='word_1_26' title='bbox 1164 436 1285 476; x_wconf 75' lang='lat' dir='ltr'><strong>Lirm.</strong></span> <span class='ocrx_word' id='word_1_27' title='bbox 1329 451 1434 492; x_wconf 79' lang='lat' dir='ltr'><strong>spec.</strong></span> <span class='ocrx_word' id='word_1_28' title='bbox 1480 436 1541 491; x_wconf 80' lang='lat' dir='ltr'><strong>pl,</strong></span> 
     </span>
     <span class='ocr_line' id='line_1_6' title="bbox 378 508 1010 564; baseline -0.006 -14"><span class='ocrx_word' id='word_1_29' title='bbox 378 513 440 550; x_wconf 80' lang='lat' dir='ltr'><strong>ed.</strong></span> <span class='ocrx_word' id='word_1_30' title='bbox 478 511 619 550; x_wconf 67' lang='lat' dir='ltr'><em>ll&#39;illal.</em></span> <span class='ocrx_word' id='word_1_31' title='bbox 661 510 707 549; x_wconf 87' lang='grc' dir='ltr'><strong>Τ.</strong></span> <span class='ocrx_word' id='word_1_32' title='bbox 749 526 780 550; x_wconf 86' lang='grc' dir='ltr'><strong>ι.</strong></span> <span class='ocrx_word' id='word_1_33' title='bbox 809 526 855 564; x_wconf 85' lang='lat' dir='ltr'><strong>p.</strong></span> <span class='ocrx_word' id='word_1_34' title='bbox 895 508 1010 560; x_wconf 44' lang='lat'>1434.</span> 
     </span>
    </p>

    <p class='ocr_par' dir='ltr' id='par_1_5' title="bbox 297 579 1545 779">
     <span class='ocr_line' id='line_1_7' title="bbox 297 579 1544 633; baseline -0.004 -11"><span class='ocrx_word' id='word_1_35' title='bbox 297 584 461 623; x_wconf 77' lang='lat' dir='ltr'><strong>Habitat</strong></span> <span class='ocrx_word' id='word_1_36' title='bbox 480 585 518 622; x_wconf 90' lang='lat' dir='ltr'><strong>in</strong></span> <span class='ocrx_word' id='word_1_37' title='bbox 539 585 665 630; x_wconf 73' lang='lat' dir='ltr'><strong>arvis,</strong></span> <span class='ocrx_word' id='word_1_38' title='bbox 695 585 734 620; x_wconf 89' lang='lat' dir='ltr'><strong>in</strong></span> <span class='ocrx_word' id='word_1_39' title='bbox 769 583 985 627; x_wconf 73' lang='lat' dir='ltr'><strong>rndcmtis,</strong></span> <span class='ocrx_word' id='word_1_40' title='bbox 1017 589 1053 620; x_wconf 82' lang='lat' dir='ltr'><strong>ct</strong></span> <span class='ocrx_word' id='word_1_41' title='bbox 1084 583 1124 618; x_wconf 92' lang='lat' dir='ltr'><strong>in</strong></span> <span class='ocrx_word' id='word_1_42' title='bbox 1156 579 1312 633; x_wconf 86' lang='lat' dir='ltr'><strong>sepibus</strong></span> <span class='ocrx_word' id='word_1_43' title='bbox 1343 580 1544 618; x_wconf 89' lang='lat' dir='ltr'><strong>montium</strong></span> 
     </span>
     <span class='ocr_line' id='line_1_8' title="bbox 351 649 1545 708; baseline -0.004 -15"><span class='ocrx_word' id='word_1_44' title='bbox 351 664 470 708; x_wconf 81' lang='lat' dir='ltr'><strong>atque</strong></span> <span class='ocrx_word' id='word_1_45' title='bbox 500 654 667 693; x_wconf 79' lang='lat' dir='ltr'><strong>collium</strong></span> <span class='ocrx_word' id='word_1_46' title='bbox 716 656 835 692; x_wconf 85' lang='lat' dir='ltr'><strong>totius</strong></span> <span class='ocrx_word' id='word_1_47' title='bbox 883 652 962 691; x_wconf 78' lang='lat' dir='ltr'><strong>sere</strong></span> <span class='ocrx_word' id='word_1_48' title='bbox 1008 653 1256 692; x_wconf 78' lang='lat' dir='ltr'><strong>Provinciae.</strong></span> <span class='ocrx_word' id='word_1_49' title='bbox 1305 649 1366 690; x_wconf 85' lang='lat' dir='ltr'><strong>Fl.</strong></span> <span class='ocrx_word' id='word_1_50' title='bbox 1415 650 1545 704; x_wconf 75' lang='lat' dir='ltr'><strong>majo,</strong></span> 
     </span>
     <span class='ocr_line' id='line_1_9' title="bbox 352 725 629 779; baseline -0.007 -15"><span class='ocrx_word' id='word_1_51' title='bbox 352 729 460 779; x_wconf 79' lang='lat' dir='ltr'><strong>junio</strong></span> <span class='ocrx_word' id='word_1_52' title='bbox 478 754 487 772; x_wconf 82' lang='lat'>,</span> <span class='ocrx_word' id='word_1_53' title='bbox 520 725 629 778; x_wconf 81' lang='lat' dir='ltr'><strong>julio.</strong></span> 
     </span>
    </p>

    <p class='ocr_par' dir='ltr' id='par_1_6' title="bbox 238 791 1551 920">
     <span class='ocr_line' id='line_1_10' title="bbox 238 791 1551 852; baseline -0.004 -16"><span class='ocrx_word' id='word_1_54' title='bbox 238 798 330 852; x_wconf 75' lang='lat'><strong>37¹·</strong></span> <span class='ocrx_word' id='word_1_55' title='bbox 363 795 848 835; x_wconf 75' lang='lat' dir='ltr'>CHAEROPIIYLLUM</span> <span class='ocrx_word' id='word_1_56' title='bbox 878 796 1141 833; x_wconf 79' lang='lat' dir='ltr'><strong>hirsutum</strong></span> <span class='ocrx_word' id='word_1_57' title='bbox 1172 793 1288 833; x_wconf 86' lang='lat' dir='ltr'><strong>Linn.</strong></span> <span class='ocrx_word' id='word_1_58' title='bbox 1342 806 1448 848; x_wconf 81' lang='lat' dir='ltr'><strong>spec.</strong></span> <span class='ocrx_word' id='word_1_59' title='bbox 1492 791 1551 845; x_wconf 86' lang='lat' dir='ltr'><strong>pl.</strong></span> 
     </span>
     <span class='ocr_line' id='line_1_11' title="bbox 379 864 1008 920; baseline -0.002 -15"><span class='ocrx_word' id='word_1_60' title='bbox 379 865 443 905; x_wconf 80' lang='lat' dir='ltr'><strong>ed.</strong></span> <span class='ocrx_word' id='word_1_61' title='bbox 478 866 620 905; x_wconf 73' lang='lat' dir='ltr'><strong>ll‘illd.</strong></span> <span class='ocrx_word' id='word_1_62' title='bbox 658 866 707 906; x_wconf 87' lang='lat' dir='ltr'><strong>T.</strong></span> <span class='ocrx_word' id='word_1_63' title='bbox 744 881 776 905; x_wconf 86' lang='lat'><strong>1.</strong></span> <span class='ocrx_word' id='word_1_64' title='bbox 803 881 845 920; x_wconf 87' lang='lat' dir='ltr'><strong>p.</strong></span> <span class='ocrx_word' id='word_1_65' title='bbox 884 864 1008 905; x_wconf 81' lang='lat'>1535.</span> 
     </span>
    </p>

    <p class='ocr_par' dir='ltr' id='par_1_7' title="bbox 283 934 1392 992">
     <span class='ocr_line' id='line_1_12' title="bbox 283 934 1392 992; baseline 0.001 -19"><span class='ocrx_word' id='word_1_66' title='bbox 283 935 326 992; x_wconf 83' lang='grc' dir='ltr'><strong>β.</strong></span> <span class='ocrx_word' id='word_1_67' title='bbox 358 937 402 976; x_wconf 89' lang='lat' dir='ltr'><strong>C.</strong></span> <span class='ocrx_word' id='word_1_68' title='bbox 434 939 633 977; x_wconf 70' lang='lat' dir='ltr'><strong>hit-sucum</strong></span> <span class='ocrx_word' id='word_1_69' title='bbox 663 939 870 976; x_wconf 75' lang='lat' dir='ltr'><strong>minimum</strong></span> <span class='ocrx_word' id='word_1_70' title='bbox 904 935 1124 975; x_wconf 77' lang='lat' dir='ltr'><strong>Vandellii.</strong></span> <span class='ocrx_word' id='word_1_71' title='bbox 1154 950 1221 991; x_wconf 80' lang='lat' dir='ltr'><strong>op.</strong></span> <span class='ocrx_word' id='word_1_72' title='bbox 1253 934 1392 974; x_wconf 79' lang='lat' dir='ltr'><strong>incdit.</strong></span> 
     </span>
    </p>

    <p class='ocr_par' dir='ltr' id='par_1_8' title="bbox 300 1006 1551 1347">
     <span class='ocr_line' id='line_1_13' title="bbox 300 1006 1551 1063; baseline -0.006 -12"><span class='ocrx_word' id='word_1_73' title='bbox 300 1012 477 1052; x_wconf 87' lang='lat' dir='ltr'><strong>Obvenit</strong></span> <span class='ocrx_word' id='word_1_74' title='bbox 517 1011 616 1049; x_wconf 85' lang='lat' dir='ltr'><strong>mihi</strong></span> <span class='ocrx_word' id='word_1_75' title='bbox 663 1010 761 1048; x_wconf 83' lang='lat' dir='ltr'><strong>haec</strong></span> <span class='ocrx_word' id='word_1_76' title='bbox 806 1009 953 1063; x_wconf 87' lang='lat' dir='ltr'><strong>speeies</strong></span> <span class='ocrx_word' id='word_1_77' title='bbox 1001 1009 1042 1046; x_wconf 85' lang='lat' dir='ltr'><strong>in</strong></span> <span class='ocrx_word' id='word_1_78' title='bbox 1095 1007 1296 1047; x_wconf 90' lang='lat' dir='ltr'><strong>montibus</strong></span> <span class='ocrx_word' id='word_1_79' title='bbox 1343 1006 1551 1059; x_wconf 63' lang='lat' dir='ltr'><strong>stgnomz,</strong></span> 
     </span>
     <span class='ocr_line' id='line_1_14' title="bbox 357 1076 1550 1134; baseline -0.005 -14"><span class='ocrx_word' id='word_1_80' title='bbox 357 1082 587 1134; x_wconf 80' lang='lat' dir='ltr'><strong>Resegone,</strong></span> <span class='ocrx_word' id='word_1_81' title='bbox 623 1079 814 1128; x_wconf 76' lang='lat' dir='ltr'><strong>Codeno,</strong></span> <span class='ocrx_word' id='word_1_82' title='bbox 844 1087 882 1118; x_wconf 88' lang='lat' dir='ltr'><strong>et</strong></span> <span class='ocrx_word' id='word_1_83' title='bbox 913 1081 1144 1119; x_wconf 81' lang='lat' dir='ltr'><strong>varietatem</strong></span> <span class='ocrx_word' id='word_1_84' title='bbox 1176 1093 1199 1116; x_wconf 86' lang='lat' dir='ltr'>a</span> <span class='ocrx_word' id='word_1_85' title='bbox 1234 1076 1446 1116; x_wconf 80' lang='lat' dir='ltr'><strong>Vanclellio</strong></span> <span class='ocrx_word' id='word_1_86' title='bbox 1477 1077 1550 1115; x_wconf 86' lang='lat' dir='ltr'><strong>de-</strong></span> 
     </span>
     <span class='ocr_line' id='line_1_15' title="bbox 353 1147 1548 1206; baseline -0.006 -15"><span class='ocrx_word' id='word_1_87' title='bbox 353 1154 541 1206; x_wconf 75' lang='lat' dir='ltr'><strong>scriptam</strong></span> <span class='ocrx_word' id='word_1_88' title='bbox 574 1152 699 1205; x_wconf 86' lang='lat' dir='ltr'><strong>reperi</strong></span> <span class='ocrx_word' id='word_1_89' title='bbox 732 1152 772 1188; x_wconf 90' lang='lat' dir='ltr'><strong>in</strong></span> <span class='ocrx_word' id='word_1_90' title='bbox 805 1158 939 1189; x_wconf 83' lang='lat' dir='ltr'><strong>monte</strong></span> <span class='ocrx_word' id='word_1_91' title='bbox 971 1148 1191 1188; x_wconf 80' lang='lat' dir='ltr'><strong>Biamlino.</strong></span> <span class='ocrx_word' id='word_1_92' title='bbox 1219 1147 1358 1188; x_wconf 83' lang='lat' dir='ltr'>Incola</span> <span class='ocrx_word' id='word_1_93' title='bbox 1378 1148 1548 1199; x_wconf 80' lang='lat' dir='ltr'><strong>regionis</strong></span> 
     </span>
     <span class='ocr_line' id='line_1_16' title="bbox 353 1220 1551 1277; baseline -0.005 -15"><span class='ocrx_word' id='word_1_94' title='bbox 353 1223 512 1277; x_wconf 81' lang='lat' dir='ltr'><strong>alpinae</strong></span> <span class='ocrx_word' id='word_1_95' title='bbox 544 1223 738 1261; x_wconf 79' lang='lat' dir='ltr'><strong>inferioris</strong></span> <span class='ocrx_word' id='word_1_96' title='bbox 768 1222 969 1260; x_wconf 75' lang='lat' dir='ltr'><strong>descendit</strong></span> <span class='ocrx_word' id='word_1_97' title='bbox 1011 1222 1134 1259; x_wconf 85' lang='lat' dir='ltr'><strong>etiam</strong></span> <span class='ocrx_word' id='word_1_98' title='bbox 1179 1220 1282 1258; x_wconf 80' lang='lat' dir='ltr'><strong>infra</strong></span> <span class='ocrx_word' id='word_1_99' title='bbox 1328 1220 1551 1258; x_wconf 85' lang='lat' dir='ltr'><strong>terminum</strong></span> 
     </span>
     <span class='ocr_line' id='line_1_17' title="bbox 355 1294 935 1347; baseline -0.002 -15"><span class='ocrx_word' id='word_1_100' title='bbox 355 1297 465 1346; x_wconf 61' lang='lat' dir='ltr'><strong>fagi.</strong></span> <span class='ocrx_word' id='word_1_101' title='bbox 500 1294 559 1332; x_wconf 64' lang='lat'><strong>1³1.</strong></span> <span class='ocrx_word' id='word_1_102' title='bbox 593 1294 720 1347; x_wconf 77' lang='lat' dir='ltr'><strong>julio,</strong></span> <span class='ocrx_word' id='word_1_103' title='bbox 751 1300 935 1345; x_wconf 78' lang='lat' dir='ltr'><strong>augusto.</strong></span> 
     </span>
    </p>

    <p class='ocr_par' dir='ltr' id='par_1_9' title="bbox 243 1358 1550 1490">
     <span class='ocr_line' id='line_1_18' title="bbox 243 1358 1550 1424; baseline -0.006 -19"><span class='ocrx_word' id='word_1_104' title='bbox 243 1366 749 1424; x_wconf 76' lang='lat' dir='ltr'><strong>572.1MPERATOR1A</strong></span> <span class='ocrx_word' id='word_1_105' title='bbox 801 1364 1134 1402; x_wconf 80' lang='lat' dir='ltr'><strong>Oscruthium</strong></span> <span class='ocrx_word' id='word_1_106' title='bbox 1182 1361 1298 1401; x_wconf 78' lang='lat' dir='ltr'><strong>Linn.</strong></span> <span class='ocrx_word' id='word_1_107' title='bbox 1345 1374 1453 1416; x_wconf 88' lang='lat' dir='ltr'><em>spec.</em></span> <span class='ocrx_word' id='word_1_108' title='bbox 1491 1358 1550 1415; x_wconf 86' lang='lat' dir='ltr'><strong>pl.</strong></span> 
     </span>
     <span class='ocr_line' id='line_1_19' title="bbox 384 1434 1013 1490; baseline -0.002 -15"><span class='ocrx_word' id='word_1_109' title='bbox 384 1436 446 1475; x_wconf 81' lang='lat' dir='ltr'><strong>ed.</strong></span> <span class='ocrx_word' id='word_1_110' title='bbox 481 1435 627 1476; x_wconf 76' lang='lat' dir='ltr'><em>Wlld.</em></span> <span class='ocrx_word' id='word_1_111' title='bbox 666 1437 713 1476; x_wconf 89' lang='lat' dir='ltr'><strong>T.</strong></span> <span class='ocrx_word' id='word_1_112' title='bbox 754 1452 787 1476; x_wconf 90' lang='lat'><strong>1.</strong></span> <span class='ocrx_word' id='word_1_113' title='bbox 814 1451 858 1490; x_wconf 90' lang='lat' dir='ltr'><strong>p.</strong></span> <span class='ocrx_word' id='word_1_114' title='bbox 896 1434 1013 1487; x_wconf 67' lang='lat'>1458.</span> 
     </span>
    </p>

    <p class='ocr_par' dir='ltr' id='par_1_10' title="bbox 298 1499 1549 1776">
     <span class='ocr_line' id='line_1_20' title="bbox 298 1499 1547 1551; baseline -0.006 -3"><span class='ocrx_word' id='word_1_115' title='bbox 298 1509 441 1548; x_wconf 86' lang='lat' dir='ltr'><strong>Oritur</strong></span> <span class='ocrx_word' id='word_1_116' title='bbox 458 1510 498 1547; x_wconf 90' lang='lat' dir='ltr'><strong>in</strong></span> <span class='ocrx_word' id='word_1_117' title='bbox 522 1509 723 1549; x_wconf 88' lang='lat' dir='ltr'><strong>montibus</strong></span> <span class='ocrx_word' id='word_1_118' title='bbox 747 1509 827 1547; x_wconf 84' lang='lat' dir='ltr'><strong>fere</strong></span> <span class='ocrx_word' id='word_1_119' title='bbox 844 1506 1029 1546; x_wconf 90' lang='lat' dir='ltr'><strong>omnibus</strong></span> <span class='ocrx_word' id='word_1_120' title='bbox 1059 1507 1167 1545; x_wconf 86' lang='lat' dir='ltr'><strong>Larii</strong></span> <span class='ocrx_word' id='word_1_121' title='bbox 1186 1504 1321 1551; x_wconf 85' lang='lat' dir='ltr'><strong>lacus,</strong></span> <span class='ocrx_word' id='word_1_122' title='bbox 1354 1510 1392 1543; x_wconf 87' lang='lat' dir='ltr'><strong>et</strong></span> <span class='ocrx_word' id='word_1_123' title='bbox 1409 1499 1547 1542; x_wconf 75' lang='lat' dir='ltr'>Valli-</span> 
     </span>
     <span class='ocr_line' id='line_1_21' title="bbox 356 1572 1549 1634; baseline -0.008 -16"><span class='ocrx_word' id='word_1_124' title='bbox 356 1595 426 1618; x_wconf 88' lang='lat' dir='ltr'><strong>um</strong></span> <span class='ocrx_word' id='word_1_125' title='bbox 459 1579 690 1634; x_wconf 78' lang='lat' dir='ltr'><strong>Cavargna,</strong></span> <span class='ocrx_word' id='word_1_126' title='bbox 711 1578 876 1626; x_wconf 83' lang='lat' dir='ltr'><strong>Sasina,</strong></span> <span class='ocrx_word' id='word_1_127' title='bbox 895 1585 1013 1631; x_wconf 86' lang='lat' dir='ltr'><strong>atque</strong></span> <span class='ocrx_word' id='word_1_128' title='bbox 1035 1576 1239 1634; x_wconf 80' lang='lat' dir='ltr'><strong>Valmeria</strong></span> <span class='ocrx_word' id='word_1_129' title='bbox 1269 1589 1388 1629; x_wconf 86' lang='lat' dir='ltr'><strong>snpra</strong></span> <span class='ocrx_word' id='word_1_130' title='bbox 1421 1572 1549 1611; x_wconf 66' lang='lat' dir='ltr'><strong>Blan-</strong></span> 
     </span>
     <span class='ocr_line' id='line_1_22' title="bbox 357 1642 1548 1704; baseline -0.005 -16"><span class='ocrx_word' id='word_1_131' title='bbox 357 1650 491 1698; x_wconf 79' lang='lat' dir='ltr'><strong>dello,</strong></span> <span class='ocrx_word' id='word_1_132' title='bbox 521 1653 562 1689; x_wconf 90' lang='lat' dir='ltr'><strong>in</strong></span> <span class='ocrx_word' id='word_1_133' title='bbox 590 1651 736 1704; x_wconf 87' lang='lat' dir='ltr'><strong>quibus</strong></span> <span class='ocrx_word' id='word_1_134' title='bbox 762 1651 994 1690; x_wconf 83' lang='lat' dir='ltr'><strong>obversatur</strong></span> <span class='ocrx_word' id='word_1_135' title='bbox 1024 1664 1046 1687; x_wconf 85' lang='lat' dir='ltr'>a</span> <span class='ocrx_word' id='word_1_136' title='bbox 1077 1648 1207 1688; x_wconf 81' lang='lat' dir='ltr'><strong>limite</strong></span> <span class='ocrx_word' id='word_1_137' title='bbox 1239 1648 1337 1699; x_wconf 80' lang='lat' dir='ltr'><strong>Fagi</strong></span> <span class='ocrx_word' id='word_1_138' title='bbox 1357 1658 1480 1698; x_wconf 87' lang='lat' dir='ltr'><strong>usque</strong></span> <span class='ocrx_word' id='word_1_139' title='bbox 1498 1642 1548 1682; x_wconf 88' lang='lat' dir='ltr'><strong>ad</strong></span> 
     </span>
     <span class='ocr_line' id='line_1_23' title="bbox 358 1721 1228 1776; baseline 0.001 -17"><span class='ocrx_word' id='word_1_140' title='bbox 358 1723 575 1760; x_wconf 85' lang='lat' dir='ltr'><strong>terminum</strong></span> <span class='ocrx_word' id='word_1_141' title='bbox 607 1723 770 1762; x_wconf 84' lang='lat' dir='ltr'><strong>Abietis.</strong></span> <span class='ocrx_word' id='word_1_142' title='bbox 802 1722 862 1762; x_wconf 86' lang='lat' dir='ltr'><strong>Fl.</strong></span> <span class='ocrx_word' id='word_1_143' title='bbox 897 1721 1020 1776; x_wconf 80' lang='lat' dir='ltr'><strong>julio,</strong></span> <span class='ocrx_word' id='word_1_144' title='bbox 1050 1728 1228 1770; x_wconf 62' lang='lat' dir='ltr'><strong>angusta</strong></span> 
     </span>
    </p>

    <p class='ocr_par' dir='ltr' id='par_1_11' title="bbox 249 1780 1550 1991">
     <span class='ocr_line' id='line_1_24' title="bbox 249 1780 1550 1848; baseline -0.008 -16"><span class='ocrx_word' id='word_1_145' title='bbox 249 1792 342 1848; x_wconf 78' lang='lat'><strong>373.</strong></span> <span class='ocrx_word' id='word_1_146' title='bbox 376 1792 556 1831; x_wconf 79' lang='lat' dir='ltr'>SESEL!</span> <span class='ocrx_word' id='word_1_147' title='bbox 590 1804 888 1833; x_wconf 81' lang='lat' dir='ltr'><strong>montanum</strong></span> <span class='ocrx_word' id='word_1_148' title='bbox 922 1793 1035 1833; x_wconf 84' lang='lat' dir='ltr'><strong>Linn.</strong></span> <span class='ocrx_word' id='word_1_149' title='bbox 1071 1791 1171 1831; x_wconf 78' lang='lat' dir='ltr'><strong>Vur.</strong></span> <span class='ocrx_word' id='word_1_150' title='bbox 1201 1780 1246 1834; x_wconf 73' lang='grc' dir='ltr'><strong>β.</strong></span> <span class='ocrx_word' id='word_1_151' title='bbox 1277 1801 1386 1840; x_wconf 79' lang='lat' dir='ltr'><strong>spec,</strong></span> <span class='ocrx_word' id='word_1_152' title='bbox 1412 1785 1470 1841; x_wconf 86' lang='lat' dir='ltr'><strong>pl.</strong></span> <span class='ocrx_word' id='word_1_153' title='bbox 1488 1785 1550 1826; x_wconf 81' lang='lat' dir='ltr'><strong>ed.</strong></span> 
     </span>
     <span class='ocr_line' id='line_1_25' title="bbox 390 1863 919 1920; baseline 0.004 -19"><span class='ocrx_word' id='word_1_154' title='bbox 390 1863 536 1902; x_wconf 52' lang='lat' dir='ltr'><em>lls&#39;ilhl.</em></span> <span class='ocrx_word' id='word_1_155' title='bbox 574 1864 622 1903; x_wconf 92' lang='lat' dir='ltr'><strong>T.</strong></span> <span class='ocrx_word' id='word_1_156' title='bbox 660 1880 690 1905; x_wconf 84' lang='grc' dir='ltr'><strong>ι.</strong></span> <span class='ocrx_word' id='word_1_157' title='bbox 719 1881 761 1920; x_wconf 86' lang='lat' dir='ltr'><strong>p.</strong></span> <span class='ocrx_word' id='word_1_158' title='bbox 801 1865 919 1919; x_wconf 74' lang='lat'>1459.</span> 
     </span>
     <span class='ocr_line' id='line_1_26' title="bbox 331 1933 1199 1991; baseline -0.003 -16"><span class='ocrx_word' id='word_1_159' title='bbox 331 1933 375 1988; x_wconf 86' lang='grc' dir='ltr'><strong>β.</strong></span> <span class='ocrx_word' id='word_1_160' title='bbox 407 1937 447 1975; x_wconf 89' lang='lat' dir='ltr'><strong>S.</strong></span> <span class='ocrx_word' id='word_1_161' title='bbox 479 1937 706 1975; x_wconf 54' lang='lat' dir='ltr'><strong>maturante</strong></span> <span class='ocrx_word' id='word_1_162' title='bbox 738 1936 850 1975; x_wconf 72' lang='lat' dir='ltr'><strong>Reiz.</strong></span> <span class='ocrx_word' id='word_1_163' title='bbox 885 1936 960 1974; x_wconf 85' lang='lat' dir='ltr'><strong>Ob.</strong></span> <span class='ocrx_word' id='word_1_164' title='bbox 993 1936 1030 1975; x_wconf 83' lang='lat'><strong>3.</strong></span> <span class='ocrx_word' id='word_1_165' title='bbox 1059 1951 1102 1990; x_wconf 85' lang='lat' dir='ltr'><strong>p.</strong></span> <span class='ocrx_word' id='word_1_166' title='bbox 1133 1949 1199 1991; x_wconf 82' lang='lat'><strong>27.</strong></span> 
     </span>
    </p>

    <p class='ocr_par' dir='ltr' id='par_1_12' title="bbox 250 2001 1551 2208">
     <span class='ocr_line' id='line_1_27' title="bbox 302 2001 1551 2054; baseline -0.007 -6"><span class='ocrx_word' id='word_1_167' title='bbox 302 2010 411 2048; x_wconf 74' lang='lat' dir='ltr'><strong>Ilaec</strong></span> <span class='ocrx_word' id='word_1_168' title='bbox 442 2011 608 2049; x_wconf 77' lang='lat' dir='ltr'><strong>varietas</strong></span> <span class='ocrx_word' id='word_1_169' title='bbox 640 2009 736 2048; x_wconf 80' lang='lat' dir='ltr'><strong>mihi</strong></span> <span class='ocrx_word' id='word_1_170' title='bbox 768 2010 942 2048; x_wconf 89' lang='lat' dir='ltr'><strong>occurrit</strong></span> <span class='ocrx_word' id='word_1_171' title='bbox 975 2010 1016 2047; x_wconf 86' lang='lat' dir='ltr'><strong>in</strong></span> <span class='ocrx_word' id='word_1_172' title='bbox 1050 2013 1183 2045; x_wconf 86' lang='lat' dir='ltr'><strong>monte</strong></span> <span class='ocrx_word' id='word_1_173' title='bbox 1215 2001 1416 2044; x_wconf 77' lang='lat' dir='ltr'><strong>Biamlino</strong></span> <span class='ocrx_word' id='word_1_174' title='bbox 1431 2014 1551 2054; x_wconf 80' lang='lat' dir='ltr'><strong>supra</strong></span> 
     </span>
     <span class='ocr_line' id='line_1_28' title="bbox 362 2077 1434 2133; baseline -0.007 -15"><span class='ocrx_word' id='word_1_175' title='bbox 362 2082 562 2132; x_wconf 72' lang='lat' dir='ltr'><strong>regionem</strong></span> <span class='ocrx_word' id='word_1_176' title='bbox 593 2081 689 2133; x_wconf 69' lang='lat' dir='ltr'>Pagi</span> <span class='ocrx_word' id='word_1_177' title='bbox 710 2109 721 2128; x_wconf 87' lang='lat'>‚</span> <span class='ocrx_word' id='word_1_178' title='bbox 749 2087 787 2119; x_wconf 88' lang='lat' dir='ltr'><strong>et</strong></span> <span class='ocrx_word' id='word_1_179' title='bbox 816 2080 991 2133; x_wconf 88' lang='lat' dir='ltr'><strong>decerpsi</strong></span> <span class='ocrx_word' id='word_1_180' title='bbox 1022 2077 1225 2117; x_wconf 82' lang='lat' dir='ltr'><strong>florentem</strong></span> <span class='ocrx_word' id='word_1_181' title='bbox 1257 2080 1434 2127; x_wconf 83' lang='lat' dir='ltr'><strong>augusto.</strong></span> 
     </span>
     <span class='ocr_line' id='line_1_29' title="bbox 250 2140 1551 2208; baseline -0.008 -17"><span class='ocrx_word' id='word_1_182' title='bbox 250 2150 344 2208; x_wconf 56' lang='lat'><strong>374.</strong></span> <span class='ocrx_word' id='word_1_183' title='bbox 385 2151 569 2192; x_wconf 82' lang='lat' dir='ltr'>SESELI</span> <span class='ocrx_word' id='word_1_184' title='bbox 615 2166 834 2190; x_wconf 83' lang='lat' dir='ltr'><strong>annuum</strong></span> <span class='ocrx_word' id='word_1_185' title='bbox 879 2150 991 2189; x_wconf 83' lang='lat' dir='ltr'><strong>Linn.</strong></span> <span class='ocrx_word' id='word_1_186' title='bbox 1037 2162 1143 2204; x_wconf 83' lang='lat' dir='ltr'><strong>spec.</strong></span> <span class='ocrx_word' id='word_1_187' title='bbox 1187 2147 1246 2201; x_wconf 85' lang='lat' dir='ltr'><strong>pl.</strong></span> <span class='ocrx_word' id='word_1_188' title='bbox 1291 2144 1353 2184; x_wconf 82' lang='lat' dir='ltr'><strong>ed.</strong></span> <span class='ocrx_word' id='word_1_189' title='bbox 1403 2140 1551 2182; x_wconf 65' lang='lat' dir='ltr'><em>[Villd.</em></span> 
     </span>
    </p>

    <p class='ocr_par' dir='ltr' id='par_1_13' title="bbox 396 2221 742 2278">
     <span class='ocr_line' id='line_1_30' title="bbox 396 2221 742 2278; baseline -0.006 -15"><span class='ocrx_word' id='word_1_190' title='bbox 396 2221 446 2263; x_wconf 87' lang='lat' dir='ltr'><strong>T.</strong></span> <span class='ocrx_word' id='word_1_191' title='bbox 483 2237 514 2262; x_wconf 82' lang='grc' dir='ltr'><strong>ι.</strong></span> <span class='ocrx_word' id='word_1_192' title='bbox 544 2237 588 2278; x_wconf 84' lang='lat' dir='ltr'><strong>p.</strong></span> <span class='ocrx_word' id='word_1_193' title='bbox 627 2221 742 2273; x_wconf 69' lang='lat'>1460.</span> 
     </span>
    </p>

    <p class='ocr_par' dir='ltr' id='par_1_14' title="bbox 302 2284 1552 2335">
     <span class='ocr_line' id='line_1_31' title="bbox 302 2284 1552 2335; baseline -0.009 -1"><span class='ocrx_word' id='word_1_194' title='bbox 302 2293 487 2334; x_wconf 80' lang='lat' dir='ltr'><strong>Nascitur</strong></span> <span class='ocrx_word' id='word_1_195' title='bbox 517 2295 558 2332; x_wconf 89' lang='lat' dir='ltr'><strong>in</strong></span> <span class='ocrx_word' id='word_1_196' title='bbox 589 2292 757 2333; x_wconf 86' lang='lat' dir='ltr'><strong>collibus</strong></span> <span class='ocrx_word' id='word_1_197' title='bbox 786 2293 896 2332; x_wconf 77' lang='lat' dir='ltr'><em>della</em></span> <span class='ocrx_word' id='word_1_198' title='bbox 926 2292 1104 2331; x_wconf 80' lang='lat' dir='ltr'><strong>Brianza</strong></span> <span class='ocrx_word' id='word_1_199' title='bbox 1120 2291 1225 2330; x_wconf 82' lang='lat' dir='ltr'><strong>circa</strong></span> <span class='ocrx_word' id='word_1_200' title='bbox 1243 2287 1376 2335; x_wconf 76' lang='grc' dir='ltr'><strong>Ενόα,</strong></span> <span class='ocrx_word' id='word_1_201' title='bbox 1399 2284 1552 2333; x_wconf 78' lang='lat' dir='ltr'><strong>Lezza,</strong></span> 
     </span>
    </p>

    <p class='ocr_par' dir='ltr' id='par_1_15' title="bbox 362 2358 1549 2416">
     <span class='ocr_line' id='line_1_32' title="bbox 362 2358 1549 2416; baseline -0.01 -11"><span class='ocrx_word' id='word_1_202' title='bbox 362 2373 399 2404; x_wconf 86' lang='lat' dir='ltr'><strong>ct</strong></span> <span class='ocrx_word' id='word_1_203' title='bbox 429 2366 549 2404; x_wconf 85' lang='lat' dir='ltr'><strong>etiam</strong></span> <span class='ocrx_word' id='word_1_204' title='bbox 580 2366 619 2404; x_wconf 88' lang='lat' dir='ltr'><strong>in</strong></span> <span class='ocrx_word' id='word_1_205' title='bbox 651 2365 746 2404; x_wconf 80' lang='lat' dir='ltr'><strong>locis</strong></span> <span class='ocrx_word' id='word_1_206' title='bbox 790 2364 910 2403; x_wconf 87' lang='lat' dir='ltr'><strong>aridis</strong></span> <span class='ocrx_word' id='word_1_207' title='bbox 948 2363 1148 2402; x_wconf 79' lang='lat' dir='ltr'><strong>montanis</strong></span> <span class='ocrx_word' id='word_1_208' title='bbox 1193 2374 1319 2416; x_wconf 85' lang='lat' dir='ltr'><strong>prope</strong></span> <span class='ocrx_word' id='word_1_209' title='bbox 1363 2358 1549 2398; x_wconf 89' lang='lat' dir='ltr'><strong>Comum.</strong></span> 
     </span>
    </p>
   </div>
   <div class='ocr_carea' id='block_1_5' title="bbox 361 2434 1111 2491">
    <p class='ocr_par' dir='ltr' id='par_1_16' title="bbox 361 2434 1111 2491">
     <span class='ocr_line' id='line_1_33' title="bbox 361 2434 1111 2491; baseline -0.003 -17"><span class='ocrx_word' id='word_1_210' title='bbox 361 2435 423 2474; x_wconf 66' lang='lat'><strong>1³1.</strong></span> <span class='ocrx_word' id='word_1_211' title='bbox 454 2444 618 2490; x_wconf 81' lang='lat' dir='ltr'><strong>augusto</strong></span> <span class='ocrx_word' id='word_1_212' title='bbox 636 2465 647 2486; x_wconf 83' lang='lat'>‚</span> <span class='ocrx_word' id='word_1_213' title='bbox 675 2436 920 2491; x_wconf 84' lang='lat' dir='ltr'><strong>septembri,</strong></span> <span class='ocrx_word' id='word_1_214' title='bbox 947 2434 1111 2474; x_wconf 86' lang='lat' dir='ltr'><strong>octobri.</strong></span> 
     </span>
    </p>
   </div>
  </div>
 </body>
</html>
