1722 2823
313 95 375 142 36
486 60 1345 140 PENTANnmAMoNoGYNtA.

377 227 618 266 brevissimis
649 225 848 273 obtectus,
879 241 976 281 saepe
1008 225 1211 266 unissorus.
1243 226 1358 267 Folia
1389 229 1574 269 inferiora

377 297 564 353 petiolata
610 311 678 351 per
707 296 900 351 petiolum
931 298 1180 336 decurrentia
1200 326 1210 345 ‚
1241 301 1444 352 superiora
1474 300 1575 339 sub-

377 368 544 416 sessilia,
573 365 769 421 emptica,
804 375 951 407 remote
981 368 1140 406 dentata
1162 396 1172 415 ‚
1203 370 1382 421 margine
1416 368 1576 418 ciliata,

377 441 657 494 pubescentia,
702 440 814 492 apice
861 439 1024 477 obtusa.
1073 437 1194 492 Calyx
1240 437 1346 478 ultra
1393 441 1575 479 medium

381 510 532 550 5-1hlus
551 539 562 558 ‚
591 509 747 548 laciniis
794 511 951 556 crectis,
983 509 1248 556 subdcntatis,
1291 525 1397 549 nunc
1428 510 1576 564 glabris

379 596 484 620 nunc
511 580 659 634 ‘ciliatis
678 609 690 629 ,
719 583 956 619 acuminatis
975 609 985 628 ‚
1032 580 1114 618 basi
1160 574 1362 621 violaceus
1408 582 1544 621 scaber
1562 612 1574 629 ‚

378 653 552 691 breviter
582 650 884 705 pedunculatus.
915 650 1079 690 corolla
1118 651 1223 690 nuda
1242 683 1254 699 ‚
1288 650 1413 706 duplo
1441 652 1575 706 calyce

378 722 551 776 amplior
568 753 580 769 ‚
612 720 795 761 coerulea
815 750 827 770 ,
854 721 1012 762 laciniis
1042 721 1132 761 latis
1150 751 1161 770 ,
1206 722 1355 777 patulis
1373 751 1384 771 ‚
1435 725 1575 763 acutis.

376 793 601 832 Filumenta
645 792 898 841 brevissima,
945 791 1182 847 capillaria3
1222 793 1446 833 Anthaerae
1485 793 1574 832 fila-

377 864 520 902 mentis
537 861 659 917 triplo
676 866 863 917 majores,
883 863 1100 916 oblongae,
1133 865 1384 913 incrassatae,
1403 871 1570 912 erectae,

377 932 637 973 flavescentes.
669 934 843 973 Germen
875 934 1075 982 inferum,
1121 933 1388 987 angulatum3
1439 933 1574 989 Stylus

379 1005 604 1051 filiformis,
666 1011 797 1052 teres,
843 1004 1019 1059 pilosus,
1064 1005 1299 1044 staminibus
1345 1005 1572 1060 quadruplo

377 1075 565 1129 longior3
595 1077 734 1129 stigma
766 1078 1034 1131 tripartitum,
1067 1075 1372 1115 crassiusculum
1394 1075 1576 1125 ‚laciniis

379 1146 568 1187 revolutis
586 1175 598 1195 ,
626 1146 718 1201 pilis
748 1145 850 1186 albis
880 1149 978 1186 raris
1010 1149 1261 1185 instructum.
1294 1146 1466 1200 Capsula
1497 1161 1574 1186 an-

379 1217 512 1271 gulata
532 1246 545 1266 ,
589 1218 759 1257 obovata
777 1246 789 1266 ,
818 1218 979 1265 scabra,
1008 1215 1270 1265 trilocularis,
1302 1216 1548 1271 polysperma
1567 1245 1578 1265 ,

380 1290 494 1342 apice
523 1288 738 1328 dehiscens.

322 1360 511 1415 Specie5‚
554 1361 664 1414 cujus
711 1359 1014 1414 descriptionem
1061 1359 1126 1399 mc
1163 1359 1349 1403 exhibui,
1392 1359 1577 1413 primitus

377 1430 531 1470 detecta
559 1445 584 1469 a
613 1431 788 1470 Domina
820 1429 1017 1470 Candida
1049 1429 1236 1484 Perpetui
1273 1429 1421 1469 fervida
1458 1429 1576 1468 Bota-

377 1502 483 1540 nices
527 1500 693 1540 cultrice
737 1516 861 1556 prope
910 1501 1146 1540 Coreenova
1176 1502 1217 1539 in
1248 1499 1365 1539 Valle
1396 1497 1574 1548 Sasina,

376 1579 535 1625 reperta
580 1586 604 1610 a
653 1586 717 1611 me
765 1572 842 1611 fuit
887 1580 1020 1626 postea
1066 1572 1116 1610 ad
1148 1585 1264 1626 rupes
1294 1573 1336 1610 in
1375 1570 1578 1610 montibus

377 1641 520 1681 Canzo
540 1672 550 1688 ,
601 1641 781 1695 Grigna,
813 1650 931 1696 atquc
963 1645 1064 1682 inter
1093 1642 1279 1697 scopulos
1310 1641 1418 1680 delle
1451 1640 1577 1679 Cros-

374 1711 482 1764 galle
514 1726 638 1767 prope
654 1712 851 1766 Bellagio.
876 1713 973 1752 Vidi
1006 1715 1125 1752 etiam
1170 1721 1208 1752 et
1237 1712 1314 1765 legi
1346 1714 1386 1751 in
1419 1710 1578 1766 alpibus

376 1781 603 1832 Biandino,
638 1783 825 1822 Tr-emaoe
870 1799 988 1838 supra
1021 1783 1228 1823 fllandello
1250 1813 1261 1832 ,
1289 1792 1327 1823 et
1377 1782 1579 1835 Res-egone

377 1868 400 1892 a
418 1855 589 1894 termino
606 1855 704 1908 Fagi
725 1869 846 1908 usque
879 1855 929 1894 ad
959 1854 1213 1894 altitudinem
1232 1855 1356 1903 6‚0oo
1388 1853 1537 1908 pedum
1557 1882 1569 1900 ,

383 1932 422 1963 et
451 1924 570 1964 ultra.

267 1993 361 2046 244.
393 1995 726 2036 CAMPANULA
755 1998 963 2051 spicata
994 1996 1108 2036 Linn.
1134 2010 1238 2051 spec.
1255 1995 1311 2050 pl.
1343 1992 1405 2035 ed.
1429 1992 1577 2033 IWlld.

415 2066 462 2104 T.
504 2080 534 2104 1.
565 2081 605 2120 p.
638 2080 733 2120 909.

324 2136 513 2176 Provenit
557 2138 599 2176 in
644 2138 847 2177 montibus
891 2137 1019 2178 Vallis
1064 2136 1218 2177 Intelvi
1243 2167 1254 2184 ,
1287 2143 1325 2174 et
1367 2137 1406 2173 in
1453 2133 1578 2188 pratis

381 2207 617 2262 sepibusque
646 2208 773 2248 Vallis
804 2209 955 2250 Assina
1002 2210 1233 2263 praesertim
1281 2221 1406 2260 prope
1452 2217 1573 2260 pagos

381 2276 427 2316 di
456 2280 593 2329 Asso,
623 2277 827 2333 Lmnigo,
861 2279 998 2318 Bami.
1030 2280 1242 2334 Reperitur
1273 2279 1391 2317 etiam
1426 2278 1467 2315 in
1485 2274 1578 2315 aliis

385 2349 621 2392 Provinciae
649 2349 758 2392 locis.
791 2350 850 2393 Fl.
888 2353 1013 2404 junio.
