1722 2823
306 97 334 154 4
540 92 846 141 mANDmA
884 91 1288 141 MONOGYNIA.

312 227 477 266 Habitat
508 229 549 266 in
582 229 675 268 rivis
704 237 743 268 et
774 229 814 268 in
846 229 949 268 fossis
981 230 1134 282 aquosis
1181 226 1359 281 planitiei
1399 225 1559 279 ubique.

365 296 427 335 Fl.
462 300 596 351 majo,
627 299 735 351 junio
755 325 766 343 ‚
797 295 910 349 julio.

257 367 316 407 18.
348 367 627 408 VERONICA
659 366 944 419 Attagallis
976 364 1091 405 Lina.
1123 380 1228 420 spec.
1245 366 1306 420 pl.
1329 365 1391 404 ecl.
1416 365 1560 410 l-,Vilch

397 437 443 476 T.
483 453 514 477 1.
545 453 588 492 p.
620 437 688 477 65.

304 508 458 548 Crescit
495 510 535 548 in
565 509 671 548 fossis
708 510 862 561 aquosis
909 517 946 548 ct
993 510 1098 548 rivis.
1147 506 1209 546 ΓΙ.
1257 510 1394 562 majo,
1425 508 1563 561 junio,

362 579 490 633 julio,
520 587 702 632 augusto.

257 664 315 704 ¹9·
347 649 625 689 VERONICA
655 649 949 690 scutellaea
984 649 1098 688 Linn.
1130 663 1234 703 spec.
1254 649 1312 703 pl.
1331 648 1392 687 ed.
1418 647 1561 691 ll'illd.

399 720 449 758 T.
486 735 517 759 1.
549 736 590 774 p.
624 721 691 759 65.

306 790 425 830 IIaud
458 804 546 828 rara
577 791 627 829 ad
657 805 744 831 oras
773 791 934 830 lacuum
966 790 1035 830 del
1052 789 1222 843 Segi-ino
1256 804 1379 844 prope
1399 789 1533 828 Canzo
1551 818 1564 836 ‚

364 859 405 898 d'
425 860 584 900 Alserio
616 876 738 916 prope
767 861 911 911 Erba,
939 861 985 900 di
1019 861 1256 914 Oggionno‚
1288 869 1329 900 et
1374 863 1414 899 in
1463 861 1563 901 locis

368 930 562 986 planioris
593 933 829 973 Provinciae
859 932 1115 987 palustribus.
1146 931 1211 972 ΓΙ.
1243 935 1377 986 majo,
1407 933 1529 985 junio.

253 1016 317 1042 20.
349 1002 629 1042 VERONICA
667 1003 928 1058 Teucriam
960 1003 1072 1042 Linn.
1104 1017 1209 1058 specs.
1237 1003 1298 1057 pl.
1319 1001 1382 1042 ed.
1420 1001 1564 1042 Wud.

400 1072 449 1112 T.
489 1088 521 1112 1.
552 1089 595 1128 p.
626 1074 694 1115 66.

304 1145 516 1198 Reperitur
545 1147 637 1184 satis
668 1147 824 1200 copiose
855 1148 896 1186 in
927 1147 1049 1201 pratis
1082 1148 1178 1187 etin
1210 1144 1326 1200 sylvis
1360 1144 1558 1185 humilio-

367 1215 476 1253 ribus
506 1230 628 1270 prope
659 1217 844 1256 Comum.
874 1217 938 1256 Fl.
969 1217 1119 1272 aprili,
1150 1220 1284 1272 majo,
1315 1218 1438 1271 junio.

251 1299 317 1324 21.
359 1285 639 1326 VERONICA
688 1286 1037 1341 Chamaedrys
1085 1287 1200 1327 Linn.
1247 1301 1353 1343 spec.
1396 1285 1456 1341 pl.
1505 1283 1568 1324 ed.

372 1355 515 1395 ll'illd.
554 1357 600 1395 T.
644 1372 677 1396 1.
705 1373 753 1412 p.
780 1358 848 1412 69.

304 1427 446 1465 Oritur
475 1426 625 1482 ubique
655 1430 697 1467 in
727 1431 850 1483 pratis
880 1437 918 1469 et
948 1430 1115 1484 pascuis.
1146 1429 1208 1468 Fl.
1241 1432 1346 1484 majo
1369 1457 1381 1476 ,
1410 1429 1535 1482 junio.

249 1511 313 1536 22.
344 1498 624 1538 VERONICA
669 1499 1008 1554 urticaesolia
1075 1498 1188 1538 Linn.
1235 1513 1340 1554 spec.
1387 1498 1446 1552 pl.
1501 1496 1563 1536 ed.

370 1567 514 1610 Willd.
551 1569 601 1609 T.
639 1561 743 1623 tsp.
777 1585 844 1626 7⁰·

310 1637 502 1678 Abundat
532 1641 572 1678 in
604 1640 800 1679 umbrosis
842 1642 1041 1680 montium
1088 1643 1196 1680 circa
1229 1640 1402 1679 Comum
1423 1667 1435 1687 ,
1462 1653 1489 1677 a
1519 1637 1567 1678 S.

369 1708 574 1749 Maurizi0
605 1725 723 1765 supra
742 1710 946 1760 Brumae,
973 1712 1017 1750 al
1047 1710 1217 1750 Per-cuso
1249 1725 1369 1766 supra
1399 1709 1570 1758 Blevio,

365 1787 404 1819 et
433 1781 473 1819 in
504 1780 601 1821 locis
631 1782 888 1823 humentibus
920 1785 1064 1822 montis
1099 1782 1298 1822 Generoso
1331 1787 1372 1821 in
1404 1782 1566 1834 regione

366 1851 478 1905 Fagi.
510 1852 571 1892 ΓΙ.
604 1856 708 1907 majo
731 1883 742 1902 ,
773 1857 881 1908 junio
902 1884 912 1904 ,
943 1855 1052 1908 julio.

256 1922 324 1960 25.
357 1923 636 1964 VERONICA
667 1928 898 1978 agrestis
929 1926 1045 1965 Linn.
1075 1939 1180 1980 speC.
1219 1925 1278 1980 pl.
1323 1922 1387 1963 ed.
1423 1919 1567 1965 Wud.

375 1993 423 2031 T.
462 2007 494 2032 1.
522 2010 568 2048 p.
602 2010 668 2053 72.

311 2064 515 2118 Frequens
548 2068 588 2105 in
619 2069 722 2122 agris
739 2100 751 2117 ‚
773 2070 813 2108 in
833 2070 955 2109 hortis
972 2098 983 2118 ‚
1012 2077 1049 2109 et
1067 2071 1105 2108 in
1128 2067 1335 2108 ruflcratis.
1352 2063 1414 2104 Fl.
1433 2064 1566 2118 primo

370 2149 472 2174 vere.

263 2202 330 2255 24.
376 2205 659 2249 VERONICA
704 2210 927 2252 Buxbau
941 2213 1024 2251 mii
1074 2211 1235 2250 Tertor-e.
1283 2208 1347 2248 Fl.
1394 2203 1566 2260 Neapol.

371 2277 419 2316 T.
457 2293 489 2317 1.
517 2294 562 2333 p.
595 2297 631 2336 7.
662 2281 830 2322 Mor-eeu·
859 2284 900 2321 in
929 2282 1095 2321 Bibliot.
1125 2280 1212 2320 ital.
1249 2279 1296 2319 T.
1326 2275 1408 2334 JK.
1439 2291 1482 2330 p.
1501 2275 1567 2314 80-

314 2348 501 2400 Occurrit
531 2351 571 2390 in
601 2353 715 2412 agris.
747 2353 809 2393 Fl.
839 2368 928 2393 vere
959 2361 996 2393 et
1026 2359 1185 2392 aestate.
