1722 2823
330 134 413 163 112
457 112 819 161 DIDYNAMIA
856 111 1385 161 GYMNOSPERMlA.

326 248 514 288 Abundat
544 249 585 286 in
616 249 767 302 pascuis
811 247 922 286 siccis
943 274 955 293 ‚
984 254 1022 285 et
1055 246 1105 285 ad
1137 248 1333 299 margines
1382 261 1569 300 agrorum

381 320 612 374 praesertim
658 320 699 356 in
730 316 824 356 locis
871 316 1027 355 collinis
1066 318 1187 356 etiam
1235 319 1340 356 circa
1387 318 1571 358 Comum.

382 388 444 428 1³1.
475 387 616 442 aprili,
648 390 764 441 majo.

274 458 370 515 724.
398 459 573 499 AJUGA
605 458 983 512 chamaepitys
1005 453 1211 497 sehr-eber.
1229 457 1375 500 Willd.
1392 472 1498 513 spec.
1514 459 1573 513 pl.

417 529 465 569 T.
497 531 534 570 3.
564 543 608 584 p.
645 543 706 570 xo.

326 601 515 640 Occurrit
542 602 583 639 in
613 598 708 640 locis
737 598 858 639 aridis
886 597 1055 639 collinis.
1085 598 1147 638 Fl.
1177 613 1297 646 vere,
1329 607 1486 639 aestate.

274 672 368 726 725·
397 671 679 711 TEUCRIUM
712 669 1035 710 Scorodonia
1064 669 1178 709 Linn.
1225 683 1330 724 spec.
1387 671 1445 724 pl.
1508 667 1571 708 ed.

418 740 562 784 Willd.
599 741 646 779 T.
679 743 716 780 3.
745 757 790 796 p.
820 740 890 792 24.

326 812 537 866 Reperitur
566 811 609 849 in
654 810 768 865 sylvis
814 813 1014 852 montanis
1059 811 1241 865 ubique,
1285 811 1407 850 etiam
1451 823 1574 865 prope

383 880 568 920 Comum.
600 880 664 920 Fl.
692 883 805 936 junio
823 911 835 932 ‚
863 882 976 937 julio.

274 951 366 1008 726.
412 950 697 991 ΤΕΠΟΒΙΠΜ
760 951 1035 993 Scor-dium
1078 951 1197 994 Linn.
1241 965 1349 1007 spec.
1390 951 1449 1006 pl.
1511 949 1575 989 ed.

419 1021 568 1064 PVilld.
606 1021 654 1061 T.
686 1022 724 1062 3.
753 1036 800 1077 p.
829 1038 896 1080 27.

327 1091 448 1131 Haud
477 1106 616 1131 rarum
646 1093 761 1131 estin
779 1093 909 1141 fossis,
940 1101 1058 1148 atque
1090 1092 1187 1133 locis
1216 1091 1473 1131 humentibus
1493 1091 1574 1130 hu-

361 1161 528 1201 milioris
557 1163 808 1202 Provinciae.
839 1163 901 1202 ΡΙ.
934 1166 1072 1216 junio,
1102 1163 1228 1214 iulio,
1262 1169 1443 1213 augusto.

285 1248 377 1289 727.
407 1231 690 1271 TEUCRIUM
723 1232 1073 1284 Chamaedrys
1106 1232 1221 1270 Linn.
1270 1245 1378 1284 spec.
1405 1230 1463 1284 pl.
1511 1228 1575 1268 cd.

418 1300 564 1340 Jthld.
600 1302 647 1340 T.
680 1302 718 1340 3.
747 1315 792 1355 p.
821 1301 891 1341 28.

331 1373 558 1411 Commune
587 1371 637 1409 ad
668 1373 867 1424 margines
896 1385 1106 1424 agrorum,
1136 1378 1255 1424 atque
1285 1371 1327 1408 in
1357 1369 1458 1409 locis
1487 1370 1577 1409 her-

386 1442 489 1481 bidis
519 1439 742 1481 adclivibus
769 1441 940 1480 collium
970 1455 1093 1495 prope
1125 1441 1314 1481 Comum.
1345 1439 1409 1479 Fl.
1441 1442 1577 1495 junio,

390 1512 502 1567 julio.

280 1583 371 1639 728.
418 1581 703 1622 TEUCRIUM
748 1591 1044 1622 montanum
1090 1580 1207 1622 Linn.
1257 1596 1363 1637 spec.
1408 1581 1468 1636 pl.
1512 1579 1576 1621 ed.

421 1651 568 1693 lVilld.
603 1652 652 1691 T.
683 1654 723 1692 3.
750 1668 792 1707 p.
824 1653 892 1692 δι.

335 1725 476 1764 Oritur
506 1723 548 1761 in
576 1721 769 1771 collibus,
798 1729 917 1776 atque
946 1722 1148 1763 montibus
1177 1725 1298 1763 totius
1327 1723 1577 1764 Provinciae.

394 1792 457 1832 1³1.
489 1794 628 1846 junio,
658 1791 771 1847 julio.

283 1878 375 1920 729·
406 1863 680 1903 SATUREJA
703 1862 908 1917 juliana
936 1861 1052 1903 Linn.
1081 1876 1187 1919 spec.
1218 1862 1277 1917 pl.
1319 1861 1382 1901 ed.
1429 1860 1578 1903 qud.

428 1934 475 1973 T.
508 1935 544 1974 5.
574 1949 617 1989 p.
647 1933 717 1985 41.

335 2005 521 2059 Decerpsi
554 2007 594 2044 in
624 2004 722 2046 locis
750 2005 871 2045 aridis
900 2004 1068 2046 collium
1099 2006 1192 2045 urbi
1234 2006 1476 2044 viciniorum
1495 2032 1507 2052 ,
1549 2018 1577 2043 a

399 2074 598 2123 Gar-zela,
629 2084 668 2116 et
696 2090 814 2131 supra
849 2076 972 2117 Gcno.
1003 2076 1064 2116 1³1.
1097 2079 1238 2131 junio,
1266 2075 1377 2131 julio.

285 2146 378 2201 730.
408 2146 681 2188 SATUREJA
709 2158 951 2190 montana
980 2149 1093 2189 Linn.
1110 2163 1217 2203 spec.
1244 2147 1302 2203 pl.
1333 2145 1398 2186 ed.
1429 2143 1576 2186 llwd.

431 2217 478 2255 T.
515 2218 551 2256 5.
579 2233 622 2272 p.
654 2218 722 2270 45.

339 2286 504 2326 Habitat
533 2290 573 2327 in
605 2292 807 2334 montibus
835 2290 1018 2336 vallium
1046 2291 1226 2349 Intelvi,
1254 2298 1292 2332 ct
1321 2288 1484 2331 Assum.
1514 2287 1545 2326 1³
1549 2285 1578 2326 l.

399 2359 508 2411 junio
527 2387 538 2408 ,
570 2359 679 2413 julio.
