1722 2823
320 143 406 189 138
499 135 894 186 DIADELPHIA
930 136 1315 187 DECANDRIA.

313 274 502 316 Occurrit
531 273 572 311 in
601 272 722 327 pratis
752 273 901 326 montis⁴
927 269 1149 319 Gener-oso,
1168 280 1206 312 ct
1222 271 1333 311 alibi.
1359 273 1420 313 Pl.
1440 276 1563 328 junio,

372 345 484 400 julio.

256 416 351 473 905.
397 414 606 457 OROBUS
652 428 768 453 vern
782 428 834 452 us
882 411 996 451 Linn.
1044 427 1149 466 spec.
1196 414 1254 468 pl.
1317 414 1378 452 ed.
1414 415 1561 454 U‘tlhl.

403 489 451 527 T.
483 489 519 527 3.
549 502 595 541 p.
634 488 750 540 1075.

310 558 620 613 Vulgatissimus
652 560 691 596 in
723 557 818 597 locis
848 555 1006 595 collinis
1037 562 1077 594 et
1105 557 1303 594 montanis
1334 557 1383 596 ad
1427 571 1555 611 sepe5‚

371 633 411 670 in
443 630 581 685 sylvis,
611 637 728 683 atque
759 629 808 667 ad
841 629 1037 681 margines
1070 641 1274 679 agrorum.
1307 627 1367 666 Fl.
1399 643 1501 669 vere.

255 701 353 756 905.
381 701 591 741 ORORUS
638 700 912 739 tuberosus
945 699 1057 738 Linn.
1088 712 1195 752 spec.
1222 698 1279 753 pl.
1313 699 1374 737 ed.
1422 698 1560 740 ll'illd.

407 773 453 811 T.
488 774 523 811 5.
553 786 597 825 p.
635 769 749 825 1071.

310 846 404 896 Legi
439 845 477 881 in
511 841 624 896 sylvis
655 840 813 879 collinis
842 855 970 896 prope
1017 841 1224 891 Comum,
1267 849 1307 881 et
1350 842 1393 880 in
1439 845 1560 896 pratis

370 916 569 953 montanis
600 912 725 952 Vallis
754 912 908 951 Intclvi.
940 912 1000 952 Fl.
1033 915 1136 967 majo
1155 942 1166 962 ,
1195 915 1335 967 junio,
1365 912 1476 968 julio.

255 986 350 1040 906.
386 984 595 1025 OROBUS
626 986 771 1038 niger·
796 984 910 1022 Linn.
942 998 1048 1039 spec,
1077 984 1138 1039 pl.
1168 984 1232 1023 ed.
1265 982 1405 1025 Willcl.
1442 985 1489 1024 T.
1521 985 1558 1025 3.

394 1072 436 1111 p.
475 1056 593 1112 1076.

310 1128 429 1166 Haud
461 1141 571 1166 rarus
603 1129 641 1165 in
673 1125 788 1181 sylvis
817 1124 975 1165 collinis
1005 1139 1128 1180 prope
1159 1126 1344 1165 Comum.
1363 1126 1561 1179 FLmajo,

389 1213 496 1237 umo-

254 1283 348 1326 907.
373 1214 667 1308 ιΙΛΤΗΥΗᾘΞ
698 1265 910 1321 Aphaca
940 1263 1055 1304 Linn.
1084 1279 1190 1320 spec,
1227 1265 1286 1320 pl.
1316 1264 1380 1306 ed.
1425 1264 1560 1306 Willd.

402 1338 449 1376 T.
483 1339 520 1377 3.
549 1353 592 1392 p.
632 1352 751 1393 1077.

311 1408 547 1448 Communis
578 1415 634 1448 est
664 1410 705 1447 in
736 1406 832 1447 locis
862 1406 1009 1457 cultis,
1054 1416 1173 1462 atque
1221 1409 1261 1447 in
1308 1409 1412 1462 agris
1458 1410 1562 1449 inter

368 1488 523 1534 segetes.
556 1479 618 1519 Fl.
650 1482 753 1534 majo
772 1508 783 1528 ‚
814 1481 936 1533 junio.

255 1550 350 1607 908.
382 1551 667 1591 LATHYRUS
699 1550 935 1591 Nissolia
964 1550 1079 1589 Linn.
1097 1565 1204 1605 spec.
1226 1551 1285 1606 pl.
1316 1550 1380 1590 ed.
1414 1550 1559 1591 Wiud.

404 1623 452 1662 T.
485 1624 521 1663 3.
550 1638 593 1677 p.
632 1624 749 1679 1073.

312 1693 408 1746 Legi
441 1695 481 1732 in
512 1695 616 1732 arvis
646 1693 803 1732 collinis
831 1691 875 1732 di
906 1692 1069 1733 Lacino.
1099 1692 1162 1732 Fl.
1195 1695 1322 1748 majo,
1349 1695 1473 1747 junio.

255 1777 351 1819 909.
383 1765 667 1804 LATHYRUS
697 1764 946 1804 odoratus
975 1764 1091 1803 Linn.
1121 1779 1226 1819 spec.
1243 1765 1301 1818 pl.
1323 1764 1386 1803 ed.
1411 1761 1557 1808 Wiud.

407 1835 453 1874 T.
486 1837 522 1875 5.
551 1851 596 1891 p.
635 1835 752 1876 1083.

315 1905 472 1946 Colitur
503 1909 542 1946 in
574 1908 697 1946 hortis
727 1909 950 1946 ornamenti
982 1907 1109 1946 causfi.
1139 1907 1201 1947 Fl.
1233 1915 1390 1947 aestate.

258 1992 354 2032 9¹0·
386 1979 670 2018 LATHYRUS
700 1980 963 2032 pratensis
995 1978 1108 2017 Linn.
1127 1993 1232 2034 spec.
1246 1979 1304 2034 pl.
1326 1977 1389 2017 ed.
1411 1976 1560 2017 IWlld.

410 2049 456 2088 T.
490 2051 526 2089 3.
555 2065 597 2105 p.
637 2050 755 2105 1089.

313 2120 516 2174 Frequens
534 2123 573 2160 in
591 2124 713 2177 pratis
728 2121 909 2170 collinis,
927 2129 1045 2176 atque
1063 2122 1112 2161 ad
1142 2123 1336 2176 margines
1353 2135 1561 2175 agrorum.

374 2190 436 2231 ΓΙ.
470 2195 602 2246 majO,
636 2195 745 2248 junio
765 2225 778 2242 ,
809 2193 920 2248 julio.

258 2275 354 2316 911.
384 2263 670 2303 LATHYRUS
700 2265 981 2319 sylvestris
1000 2264 1114 2305 Linn.
1130 2278 1234 2320 spec.
1253 2264 1310 2320 pl.
1326 2263 1389 2304 ed.
1411 2261 1560 2304 Wlld.

408 2334 454 2373 T.
488 2335 527 2374 5.
553 2350 595 2390 p.
633 2336 750 2391 1089.

317 2404 509 2445 Abundat
537 2405 587 2446 ad
616 2420 722 2463 sepes
751 2407 933 2463 pluribus
964 2411 1004 2448 in
1035 2408 1152 2460 locis,
1183 2416 1221 2449 et
1251 2409 1486 2465 praesertim
1520 2407 1561 2446 in

376 2475 492 2518 Valle
521 2476 679 2519 Inlelvi.
739 2479 801 2520 ΡΙ.
834 2482 964 2533 majo.
994 2482 1117 2534 junio.
