1722 2823
298 121 384 168 ωδ
486 109 904 162 POLYANDRIA
942 105 1351 156 MONOGYNIA.

290 252 499 308 Reperitur
537 249 579 286 in
611 245 810 284 montibus
851 242 1039 290 codano,
1092 241 1252 288 Canza,
1283 238 1326 278 S.
1381 237 1536 287 Primo,

351 331 389 363 ct
419 321 539 360 etiam
571 320 672 356 inter
708 314 886 369 scopulos
917 313 1015 351 nelle
1049 312 1250 364 Crosgalle
1280 324 1402 366 prope
1441 309 1535 348 Bel-

351 394 470 446 Iagio.
500 389 560 430 Fl-
594 387 689 441 julio
708 415 718 434 ,
749 392 924 438 augusto.

233 466 327 506 685.
358 460 625 504 ANEMONE
658 457 916 511 Iscpatica
947 453 1062 491 Linn.
1095 467 1201 507 spec.
1226 452 1285 507 pl.
1302 451 1364 489 ed.
1392 449 1535 489 ll'illd.

382 533 430 573 T.
463 548 501 572 2.
529 546 571 586 p.
611 544 727 586 1272.

289 607 488 658 Frequens
518 610 572 642 est
604 604 643 640 in
674 599 787 653 sylvis
817 596 976 636 collinis
1007 603 1045 633 et
1076 594 1272 632 montanis
1300 595 1419 633 totius
1459 594 1537 632 sere

349 676 594 715 Provinciae.
627 671 686 709 ΓΙ.
720 670 892 716 martio,
925 665 1057 720 aprili.

237 746 331 798 684.
363 743 631 786 ANEMONE
663 739 890 779 vernalis
921 737 1037 776 Linn.
1067 749 1172 790 spec.
1200 735 1258 790 pl.
1298 733 1361 774 ed.
1395 733 1541 773 lVilld.

384 816 430 854 T.
463 831 499 854 2.
528 829 569 868 p,
608 813 728 867 ¹²75·

293 887 413 927 Haud
443 899 532 923 rara
562 891 616 922 est
649 884 688 920 in
722 879 926 918 montibus
959 877 1123 924 Canzo,
1158 875 1385 924 Generoso,
1417 873 1542 914 Pizzo

351 956 396 995 cli
429 956 563 1001 Gino,
599 952 724 991 Costa
752 951 891 1004 piacla
925 962 982 985 ec.
1014 947 1076 985 ΓΙ.
1109 948 1248 1000 junio,
1279 945 1389 999 julio.

240 1027 335 1070 685.
366 1024 635 1067 ANEMONE
665 1018 914 1076 apizsolia
962 1015 1111 1056 lVilld.
1155 1029 1260 1069 spec.
1304 1015 1363 1070 pl.
1413 1014 1459 1053 T.
1507 1029 1544 1053 2.

381 1114 423 1153 p.
462 1096 579 1152 1276.

372 1170 419 1208 A.
447 1167 667 1220 sulphurea
700 1162 814 1201 Lirm.
850 1159 1038 1198 Mantiss.
1072 1157 1136 1213 78.

297 1240 471 1280 Obviam
503 1238 600 1276 mihi
632 1235 743 1274 venit
773 1234 812 1270 in
845 1231 965 1284 pratis
986 1229 1184 1267 montium
1207 1226 1548 1276 Gener-oso,Gor-

354 1309 463 1346 dona
481 1336 493 1355 ‚
523 1307 662 1344 Canzo
686 1333 697 1353 ,
725 1310 844 1355 atque
873 1302 915 1339 in
945 1301 1100 1355 pascuis
1144 1298 1379 1337 editioribus
1426 1296 1551 1338 Vallis

358 1379 591 1429 Cavargna.
621 1375 682 1416 Fl.
714 1376 826 1429 junio
844 1402 855 1422 ,
885 1371 996 1427 julio.

245 1450 342 1492 686.
370 1448 641 1490 ANEMONE
673 1458 937 1485 nemorosa
967 1443 1080 1482 Linn.
1098 1455 1203 1496 spec.
1233 1441 1291 1496 pl.
1321 1439 1385 1480 ed.
1417 1438 1552 1481 Willd.

394 1521 442 1560 T.
474 1535 512 1560 2.
541 1534 583 1574 p.
621 1517 744 1558 1281.

302 1593 489 1633 Nascitur
518 1592 560 1629 in
590 1588 705 1644 sylvis
723 1595 840 1642 atque
860 1584 1088 1626 nemoribus
1104 1585 1227 1623 etiam
1245 1584 1351 1623 circa
1369 1584 1553 1623 Comum.

361 1663 423 1703 ΡΙ.
454 1660 605 1716 aprili,
636 1662 755 1713 majo.

250 1734 344 1791 687.
377 1732 646 1774 ANEMONE
679 1726 1086 1769 ranunculoides
1116 1725 1233 1765 Linn.
1264 1738 1369 1780 spec·
1399 1723 1461 1780 pl.
1491 1721 1554 1762 ed.

395 1802 540 1842 lVillcl.
577 1803 624 1841 T.
659 1816 695 1840 2.
725 1816 767 1855 p.
805 1799 922 1839 1282.

309 1875 460 1914 Crescit
491 1876 530 1912 in
561 1872 674 1928 sylvis
704 1870 862 1911 collinis
892 1877 928 1909 et
962 1868 1156 1908 montanis
1175 1894 1187 1916 ‚
1216 1873 1335 1920 atque
1373 1866 1415 1904 in
1461 1863 1560 1904 locis

366 1945 541 1985 herbidis
571 1944 789 1988 umbrosis,
827 1943 1025 1995 etiamque
1056 1942 1161 1994 juxta
1202 1951 1307 1992 sepes
1339 1937 1447 1976 circa
1478 1935 1560 1976 Co-

368 2031 492 2055 mum.
524 2014 585 2054 Fl.
617 2013 761 2068 aprili,
791 2015 907 2066 majo.

256 2086 351 2127 688.
381 2086 650 2126 ANEMONE
681 2082 1053 2136 narcissislora
1087 2079 1231 2122 le'lld.
1261 2091 1367 2136 speC.
1409 2076 1468 2132 pl.
1497 2075 1561 2116 ed.

402 2155 550 2196 thlld.
587 2156 634 2195 T.
671 2171 709 2196 2.
736 2171 778 2211 p.
819 2153 936 2195 1283.

317 2230 505 2270 Occurrit
533 2229 688 2281 copiose
718 2229 758 2266 in
789 2227 946 2282 pascuis
976 2225 1120 2264 montis
1154 2222 1352 2262 Gener-oso
1369 2221 1474 2259 circa
1500 2217 1592 2258 Ori-

374 2309 518 2340 mento.
550 2298 610 2338 Fl.
648 2301 780 2352 majo,
808 2299 948 2353 junio,
982 2295 1098 2349 julio.

262 2371 358 2426 689.
388 2369 688 2411 ATRAGENE
718 2369 894 2424 alpina
927 2368 1040 2407 Linn.
1071 2379 1175 2421 spec.
1211 2364 1268 2420 pl.
1304 2361 1366 2403 ed.
1420 2356 1566 2401 Willd.

412 2440 459 2480 T.
491 2455 527 2480 α.
560 2455 603 2495 p.
643 2439 761 2481 1285.
