1722 2823
297 125 384 171 180
490 121 826 170 MONOECIA
865 124 1292 173 PENTANDRIA.

246 271 360 296 1202.
399 256 773 296 AMARANTHUS
819 256 1014 297 Blieum
1065 258 1179 296 Linn.
1220 273 1326 313 spec,
1372 261 1430 314 pl.
1480 261 1539 300 ed.

384 326 528 365 ll'illcl.
566 327 613 365 T.
644 325 683 378 4.
713 343 755 382 p.
790 328 883 384 587.

292 398 478 438 Nascitur
509 400 548 436 in
579 397 720 446 cultis,
751 413 860 437 secus
905 401 1017 447 vias,
1054 400 1104 438 ad
1153 414 1288 440 muros
1334 403 1454 441 etiam
1503 403 1544 440 in

350 469 451 509 urbe
469 498 481 517 ‚
509 477 547 508 et
576 468 613 507 ss.
647 468 744 522 julio
762 499 772 517 ,
802 477 985 522 augusto.

244 541 360 580 1203.
392 540 766 580 AMARANTHUS
806 541 1077 598 sylvestris
1108 539 1383 595 Dessoneaine.
1422 543 1543 582 catal.

376 610 498 651 Hor-t.
527 626 615 667 par.
648 610 716 662 44.

398 683 446 722 Α.
475 682 618 722 viridis
649 682 814 721 Anioni.
844 680 897 730 sl.
925 680 1018 736 ped.
1057 681 1103 720 T.
1137 695 1174 720 2.
1204 696 1248 736 p.
1283 682 1377 722 218.

292 752 467 792 Obviam
500 755 596 792 mihi
614 755 719 792 venit
738 753 787 791 ad
809 753 1005 805 margines
1023 767 1213 805 agrorum
1233 755 1339 792 circa
1358 754 1544 802 Comum,

347 839 374 862 a
404 822 448 861 S.
481 824 619 876 Agaca
650 837 702 862 ec.
736 823 798 862 ΓΙ.
832 822 959 877 julio,
990 831 1171 876 augusto.

245 892 361 945 1204.
383 894 759 934 AMARANTHUS
778 908 803 931 a
816 908 894 932 sce
907 892 1000 932 nde
1013 908 1065 932 ns
1084 894 1226 932 Loisel.
1241 893 1373 933 Notio.
1392 909 1434 947 p.
1453 893 1542 945 141.

291 965 492 1018 Frequens
523 967 562 1004 in
594 964 838 1004 ambulacris
869 973 976 1004 extra
1008 967 1165 1005 moenia
1198 966 1320 1004 urbis.
1342 965 1402 1004 Fl.
1424 964 1544 1019 julio,

349 1044 528 1089 augusto.

241 1106 356 1146 ¹205.
387 1105 764 1146 AMARANTHUS
796 1105 1122 1160 retroflexus
1167 1105 1310 1146 Willd.
1341 1119 1446 1160 spec.
1483 1106 1542 1160 pl.

382 1178 428 1216 T.
461 1176 499 1227 4.
529 1191 572 1231 p.
605 1178 700 1230 591.

289 1248 527 1287 Communis
559 1249 598 1286 in
630 1248 765 1295 arvis,
795 1255 914 1300 atque
943 1260 1051 1286 secus
1082 1248 1164 1286 vias
1195 1248 1303 1285 circa
1341 1247 1511 1287 Comum
1530 1275 1542 1295 ‚

347 1326 385 1356 et
413 1317 525 1360 alibi.
557 1316 618 1357 Fl.
651 1317 778 1372 julio,
808 1325 992 1371 augusto.

691 1457 1101 1498 POLYANDRIA.

240 1603 356 1644 1206.
387 1600 873 1642 CERATOPHYLLUM
902 1599 1009 1640 dem
1021 1600 1186 1640 e'rsum
1216 1599 1332 1640 Linn.
1362 1613 1467 1656 spec.
1482 1601 1542 1655 pl.

374 1672 438 1712 ed.
474 1671 619 1716 Willd.
655 1671 702 1711 T.
734 1670 773 1723 4.
802 1687 845 1726 p.
876 1670 974 1722 405.

288 1741 455 1784 Habitat
482 1743 556 1782 sub
587 1757 691 1796 aqua
722 1744 763 1781 in
793 1744 899 1782 fossis
928 1757 955 1780 a
985 1741 1032 1780 S.
1070 1742 1277 1797 Giuseppe
1307 1756 1434 1796 prope
1464 1741 1542 1781 Co·

346 1829 487 1861 mum,
517 1814 559 1852 in
588 1813 785 1868 Brvggia,
814 1821 851 1852 et
882 1812 995 1852 alibi.
1027 1812 1090 1852 1³1.
1122 1815 1254 1867 junio,
1285 1812 1398 1867 julio.

240 1899 356 1942 1207.
389 1884 827 1924 MYRIOPIIYLLUM
857 1885 1114 1938 spicatum
1143 1884 1253 1922 Linn.
1271 1897 1376 1938 spec.
1401 1883 1460 1938 pl.
1478 1881 1541 1922 ed.

376 1955 523 1995 lflfflld.
559 1956 606 1995 T.
639 1954 677 2006 4.
706 1971 750 2010 p.
782 1954 881 2006 406.

288 2027 437 2066 Crescit
467 2029 507 2066 in
537 2029 650 2081 aquis
679 2026 784 2067 lente
829 2026 1046 2067 fluentibus
1076 2028 1196 2067 variis
1241 2028 1281 2066 in
1321 2025 1431 2065 locis.
1479 2023 1543 2064 Fl.

348 2099 479 2151 junio,
510 2097 623 2151 julio.

242 2169 355 2208 1208.
387 2169 824 2209 MYRIOPHYLLUM
853 2169 1232 2209 verticillatum
1273 2168 1387 2207 Lirin.
1434 2180 1541 2221 spec.

373 2239 431 2293 pl.
462 2238 525 2278 ed.
569 2237 704 2280 lt'illd.
743 2240 788 2279 T.
822 2239 861 2291 4.
890 2255 934 2295 p.
966 2239 1063 2297 407.

291 2312 479 2350 Occurrit
509 2313 548 2350 in
580 2310 678 2350 locis
707 2311 908 2367 paludosis
955 2319 993 2350 ct
1041 2311 1244 2351 inundatis
1287 2324 1410 2364 prope
1442 2309 1541 2348 Cer*-

349 2381 510 2432 nobbio,
541 2381 764 2433 Porlezza,
795 2382 936 2423 Colico
967 2397 1021 2422 cc.
1052 2381 1114 2422 Fl.
1147 2383 1256 2435 junio
1278 2411 1289 2428 ,
1321 2380 1431 2435 julio.
