1722 2823
293 155 378 213 164
464 149 867 200 SYNGENESIA
903 149 1302 198 SUPERFLUA.

297 288 392 328 Vidi
424 296 461 326 ct
492 285 633 339 collegi
666 287 706 325 in
738 287 892 340 pascuis
924 293 962 324 et
1000 284 1097 324 locis
1135 283 1391 323 humentibus
1421 282 1550 323 Vallis

353 358 498 397 Inte-lvi
527 365 565 396 ct
598 356 812 396 Valmeria.
846 355 904 394 1²1.
939 356 1059 409 julio,
1091 364 1269 407 augusto.

244 431 360 472 1086.
392 429 683 470 ClNERARIA
712 426 1040 481 integrzsolia
1075 425 1217 465 thlld.
1235 439 1339 481 speC.
1357 425 1412 481 pl.
1437 423 1486 465 T.
1509 426 1548 465 3.

381 516 424 556 p.
457 500 581 540 2082.

294 573 468 613 Obviam
501 571 599 610 mihi
631 570 737 609 venit
769 570 807 607 in
840 570 993 622 pascuis
1022 565 1246 621 subalpinis
1278 568 1475 606 montium
1506 564 1552 604 di

353 643 520 696 Dongo,
550 641 674 690 Livo,
703 648 823 694 atque
854 639 1083 678 Bellorona.
1113 638 1175 677 fl.
1208 636 1327 692 julio,
1357 645 1535 690 augusto.

247 713 364 771 1087.
395 714 561 754 INULA
590 712 918 765 dysenterica
947 710 1064 748 Linn.
1095 722 1200 764 spec.
1227 709 1285 764 pl.
1320 707 1384 747 eci.
1417 705 1551 748 Wiud.

388 786 435 824 T.
468 787 506 824 3.
536 799 577 838 p.
612 797 736 837 ποθι.

292 858 505 911 Reperitur
535 855 690 910 copiose
721 855 760 893 in
792 852 890 892 locis
934 853 1111 892 humidis
1159 850 1387 906 paludosis,
1433 858 1552 904 atque

350 927 401 966 ad
431 928 568 975 fossas,
597 927 875 979 marginesque
905 926 1102 963 rivorum.
1134 923 1197 962 Fl.
1230 924 1344 976 junio
1368 951 1378 971 ,
1408 921 1521 974 julio.

244 997 359 1040 1088.
393 990 567 1038 INULA'
592 995 856 1036 Palicaria
891 995 1001 1034 Linn.
1048 1008 1155 1049 spec.
1194 993 1256 1048 pl.
1303 992 1366 1032 ed.
1402 991 1550 1031 lViud.

387 1068 434 1108 T.
467 1070 506 1108 3.
533 1078 585 1123 μ’
609 1068 737 1121 2093.

294 1141 437 1180 Oritur
467 1140 508 1177 in
540 1140 694 1193 pascuis
724 1138 1011 1184 humentibus,
1043 1144 1162 1189 atque
1194 1137 1234 1173 in
1281 1133 1378 1173 locis
1426 1132 1551 1187 uligi-

354 1212 455 1249 nosis
486 1209 677 1264 planioris
708 1210 961 1248 Provinciae.
992 1207 1052 1246 Fl.
1085 1206 1186 1260 julio
1205 1233 1217 1253 ‚
1249 1213 1427 1257 augusto.

248 1280 367 1336 1089,
397 1280 563 1320 INULA
591 1279 812 1319 salicina
847 1279 959 1318 Linn.
988 1291 1091 1332 spec.
1122 1276 1178 1331 pl.
1196 1275 1258 1316 ed.
1291 1273 1425 1315 Wzlld.
1449 1273 1496 1313 T.
1515 1274 1552 1315 3.

384 1366 428 1406 p.
460 1350 586 1406 2096.

299 1422 419 1463 Haud
449 1437 540 1461 rara
569 1428 626 1462 est
655 1423 698 1461 in
727 1420 898 1461 collibus
930 1421 1074 1476 apricis
1092 1451 1104 1467 ,
1135 1427 1174 1460 et
1202 1418 1317 1474 sylvis
1357 1416 1554 1457 montanis

356 1493 483 1533 Como
511 1493 784 1534 vicinioribus.
814 1491 878 1532 Fl.
909 1494 1048 1547 junio,
1077 1490 1199 1546 julio,
1230 1497 1411 1543 augusto.

249 1578 367 1620 1090.
395 1565 563 1606 INULA
591 1565 729 1605 hirta
757 1563 874 1605 Linn.
909 1577 1016 1620 spec.
1059 1563 1117 1618 pl.
1155 1561 1218 1602 ed.
1252 1559 1400 1603 Wlld.
1434 1558 1485 1600 T.
1514 1559 1556 1599 3.

383 1651 427 1692 p.
458 1634 584 1691 2098.

300 1706 502 1761 Frequens
532 1708 574 1746 in
603 1705 777 1748 collibus
806 1713 926 1761 atque
956 1705 1162 1746 montibus
1197 1705 1305 1744 circa
1351 1703 1524 1742 Comum
1541 1711 1554 1749 ,·

357 1785 396 1817 et
425 1776 536 1817 alibi.
568 1777 630 1818 Fl.
661 1780 772 1834 junio
791 1809 804 1827 ‚
838 1777 948 1833 julio.

251 1861 368 1903 ¹⁰9¹·
398 1848 600 1890 ARNICA
631 1859 868 1890 montana
900 1849 1011 1890 Linn.
1057 1862 1164 1904 spec.
1209 1845 1266 1902 pl.
1310 1843 1373 1884 ed.
1408 1839 1556 1881 lisand.

396 1918 444 1958 T.
477 1921 517 1960 3.
545 1935 590 1975 p.
622 1920 748 1961 2106.

301 1989 496 2030 Provenit
524 1993 566 2030 in
597 1993 720 2046 pratis
751 1994 950 2031 montium
982 1991 1061 2030 sere
1091 1990 1274 2030 omnium
1293 1995 1357 2037 ,et
1375 1984 1556 2026 etiamin

358 2063 515 2115 pascuis
544 2061 701 2102 collinis
732 2063 858 2103 Corno
887 2062 1163 2102 vicinioribus.
1195 2059 1256 2100 Fl.
1289 2059 1421 2113 junio,
1445 2053 1556 2108 julio.

251 2144 367 2186 1092.
397 2132 598 2173 ARNICA
627 2133 944 2190 scorpioides
977 2133 1091 2177 Lina.
1114 2145 1220 2188 spec.
1249 2130 1307 2185 pl.
1322 2127 1388 2168 ed.
1410 2122 1559 2164 Wlld.

396 2203 443 2242 T.
482 2204 518 2243 3.
549 2219 590 2258 p.
623 2204 745 2245 2108.

303 2274 405 2314 Mihi
436 2275 596 2315 obviam
627 2279 735 2317 venit
781 2279 883 2316 inter
930 2289 1046 2331 rupes
1084 2274 1165 2314 sole
1210 2274 1290 2313 sere
1328 2272 1470 2310 invisas
1515 2270 1557 2306 in

363 2348 522 2399 regione
549 2346 760 2401 subalpina
791 2349 935 2387 montis
966 2345 1133 2386 Codeno
1158 2359 1201 2384 cx
1220 2350 1329 2399 parte
1350 2338 1559 2380 Mandeuo

364 2417 527 2458 obversa
545 2446 556 2466 ,
584 2426 703 2473 atque
722 2420 761 2457 in
785 2418 992 2457 Valmeria
1024 2419 1125 2456 inter
1153 2429 1241 2454 saxa
1271 2415 1321 2454 ad
1342 2415 1472 2453 nivem
1491 2411 1559 2450 dc-

366 2487 658 2543 liquescentcm.
690 2488 753 2532 Fl.
785 2488 881 2544 julio
899 2517 911 2539 ,
939 2495 1117 2542 augusto.
