1722 2823
289 81 366 109 xiv

236 141 583 210 procumbens,
637 150 822 205 praeter
858 140 970 187 alias
1006 143 1174 206 stirpes
1227 141 1337 187 alibi
1393 143 1534 187 etiam

243 224 463 283 vulgares.
502 223 557 268 In
594 222 821 268 descensu
860 240 1026 267 omnes
1061 222 1251 268 arbores
1277 233 1418 286 atque
1448 222 1540 268 sru-

239 306 355 349 tices
391 302 661 365 regionibus
697 303 958 366 subalpinis
984 313 1028 348 et
1052 305 1291 348 montanis
1320 304 1539 366 propriae

239 386 350 430 satis
387 385 577 447 copiose
615 383 937 429 obversantur.
978 384 1250 429 Transactis
1286 385 1402 428 vivis
1425 384 1544 428 Gar-

239 481 356 513 zeno
392 474 532 528 atque
572 464 848 512 Germasino
886 466 933 510 in
970 481 1222 510 occursum
1247 465 1378 509 venit
1402 465 1543 510 Dun-

242 562 355 592 cum
391 545 625 609 oppidum
664 545 840 592 fodinis
882 544 1212 605 martialibus,
1250 543 1545 608 clibanisque

241 625 574 685 memorabile,
596 635 737 689 atque
767 626 900 686 vino,
925 624 1230 687 frugibusque
1255 623 1544 669 ubertosum.

240 705 357 752 Post
392 705 484 752 hoe
524 705 814 752 Gar-hadom
853 714 994 768 atque
1030 706 1316 750 Domasium
1369 703 1546 766 oppida

241 786 473 849 aedibus,
509 787 712 849 vinetis,
749 794 891 849 atque
933 784 1167 831 industria
1214 784 1385 829 merito
1423 782 1548 829 clara

243 867 441 912 sinuatis
486 868 600 931 m'pis
642 867 693 912 in
728 865 925 927 longum
961 863 1323 929 producuntur,
1378 863 1550 927 quibus

242 957 431 995 montes
467 948 619 1011 asperi
658 955 706 992 et
731 945 950 991 cautibus
972 943 1154 990 horridi
1176 944 1547 1006 supereminent.

243 1028 319 1074 Ad
354 1027 546 1074 illorum
583 1027 766 1089 fastigia
792 1024 1046 1072 altitudine
1079 1024 1337 1070 Caverm‘ae
1363 1032 1551 1069 montes

245 1109 498 1173 aequantia
535 1125 621 1172 per
656 1108 755 1152 vias
809 1106 980 1152 arduas
1034 1105 1311 1168 pervenitur
1368 1102 1443 1149 vel
1496 1121 1551 1149 ex

243 1199 379 1255 parte
415 1190 564 1246 Livii,
598 1186 674 1234 vel
711 1204 766 1232 ex
817 1185 897 1231 illa
948 1184 1167 1248 Bngialli
1217 1182 1550 1229 adscendatur.

247 1270 343 1317 Sed
377 1268 435 1316 de
472 1269 692 1315 omnium
727 1266 1026 1329 vegetatione
1062 1261 1210 1309 modo
1256 1262 1401 1309 verba
1454 1279 1554 1309 non

248 1352 454 1413 faciam,
492 1366 603 1396 cum
651 1363 883 1395 cacumen
936 1343 1205 1409 mapalibus
1260 1344 1310 1390 di
1358 1342 1556 1408 Arengo

249 1432 507 1477 imminens
543 1428 699 1476 solum
735 1425 1132 1493 perlustraverim.
1169 1423 1225 1468 In
1262 1422 1354 1469 hoc
1396 1423 1556 1487 plures

247 1511 369 1557 mihi
406 1518 719 1558 occurrerunt
769 1507 979 1571 specieS,
1012 1520 1151 1568 quas
1204 1503 1555 1567 infrequentiae

251 1592 393 1638 causa
428 1589 560 1636 nefas
597 1598 668 1635 est
690 1587 946 1652 praeterire
972 1584 1174 1630 silentio.
1200 1583 1330 1629 Inter
1363 1585 1555 1648 rupium

252 1672 411 1718 hiatus
448 1670 624 1715 Sedum
680 1667 954 1727 Rlzmliola,
1012 1663 1189 1710 Allium
1249 1664 1556 1727 Victor-iulis,

252 1754 410 1800 Aretia
449 1751 674 1797 lwlvelica
694 1786 706 1811 ,
742 1749 1028 1811 Empetrum
1063 1749 1251 1810 nigrum
1271 1781 1285 1802 ‚
1330 1744 1557 1790 Arenaria

256 1832 507 1897 laricq‘folia
543 1839 591 1877 et
624 1830 877 1890 saxatilis,
916 1825 1180 1892 permultae
1211 1824 1560 1887 Saxifragarum

256 1914 436 1978 species
473 1911 685 1976 aliaeque
722 1911 890 1974 stirpes
913 1925 1021 1954 cum
1047 1907 1254 1954 Litteone
1279 1921 1560 1951 communes

258 1994 338 2041 hic
377 2002 607 2040 crescunt.
645 1992 700 2038 In
737 1991 883 2055 pratis
920 1997 967 2034 et
990 1987 1177 2052 pascuis
1201 1990 1310 2051 jugo
1335 1985 1561 2049 subjectis

258 2075 396 2140 plura
432 2072 712 2137 vegetabilia
760 2071 918 2135 alpina
976 2069 1126 2115 forma
1181 2083 1278 2113 nou
1333 2064 1561 2126 ignobilia

264 2155 463 2219 collegi,
505 2155 574 2200 uti
619 2152 911 2217 Bupleurum
955 2147 1303 2214 caricffolium‚
1342 2145 1562 2193 Betulam

261 2253 465 2292 nonam,
493 2235 774 2299 Juniperum
815 2249 1023 2285 uanam,
1062 2226 1402 2275 Anthemidem
1443 2227 1563 2290 alpi-

263 2335 399 2376 nam,
418 2317 694 2363 Arenariam
723 2314 955 2376 bssoram,
985 2309 1279 2357 Cherleriam
1304 2307 1564 2364 sedoidem,

270 2399 537 2446 Cerastium
562 2398 799 2463 alpinum,
820 2394 923 2442 Gna
929 2391 1146 2460 phalium
1168 2388 1564 2455 Leontopodium,
