1722 2823
285 80 343 122 28
457 69 870 119 PENTANDRIA
908 67 1317 116 MONOGYNIA.

287 209 399 249 Nihil
434 205 634 259 vulgatius
667 205 708 243 in
739 206 841 244 arvis
874 204 993 243 totius
1024 204 1274 243 Provinciae.
1307 202 1368 242 ΓΙ.
1396 205 1539 259 aprili,

343 282 472 332 majo,
509 279 632 330 junio.

235 365 322 405 ¹90·
354 348 629 389 MYOSOTIS
660 361 793 385 nana
823 345 938 384 Linn.
967 359 1072 399 spec.
1103 346 1159 398 pl.
1178 344 1240 383 ed.
1274 343 1409 385 ll‘tlld.
1434 347 1480 386 T.
1507 361 1538 386 1.

367 437 408 475 l’·
443 419 537 477 747·

283 491 426 531 Incolit
457 493 497 529 in
528 491 692 529 summis
723 489 821 541 jugis
854 489 1051 526 montium
1088 486 1268 539 Legttone
1298 496 1335 526 et
1357 487 1536 527 Codcno.

340 561 402 600 l'l.
435 563 544 616 junio
563 589 574 607 ‚
606 558 732 612 julio,
762 566 941 611 augusto.

235 647 323 687 191.
353 631 632 671 MYOSOTIS
667 629 901 683 anpula
933 628 1046 667 Lirin.
1078 642 1183 682 spec.
1212 629 1269 682 pl.
1301 630 1362 668 ecl.
1407 628 1543 671 Willd.

379 704 425 741 T.
466 717 497 741 1.
527 717 570 756 p.
604 699 698 756 749.

283 775 489 813 Invenitur
520 774 560 810 in
590 772 734 826 pratis,
765 778 803 809 et
834 771 874 809 in
905 769 1002 809 locis
1032 770 1291 809 humentibus
1321 772 1444 810 totIus
1463 771 1543 810 fere

341 845 609 889 Provinciae,
659 844 780 881 etiam
814 843 855 880 in
902 850 1018 895 prato
1049 840 1212 897 Pasquc}
1257 843 1366 881 dicto
1419 856 1545 897 prope

344 915 530 954 Comum.
562 913 625 952 Fl.
659 915 798 967 junio,
831 911 944 966 julio.

235 999 323 1039 192.
356 984 634 1024 MYOSOTIS
665 982 893 1038 deflexa
935 981 1207 1036 Wateenberg.

285 1055 453 1094 Habitat
484 1057 524 1094 in
563 1055 799 1094 summitate
829 1053 1016 1093 orientali
1048 1056 1193 1093 montis
1241 1053 1382 1093 Canzo
1429 1067 1548 1108 supra

341 1140 489 1180 pagum
524 1123 821 1172 Valmafflem,
853 1131 891 1162 et
921 1123 959 1163 ss.
992 1126 1134 1178 junio,
1167 1123 1281 1177 julio.

234 1197 322 1249 ¹93·
354 1194 789 1235 LITIIOSPERMUM
824 1194 1094 1247 officinale
1124 1194 1239 1232 Lina.
1270 1207 1375 1247 spec·
1403 1194 1461 1247 pe.
1485 1192 1549 1234 ed.

383 1263 526 1306 Willd.
562 1265 608 1304 T.
651 1280 682 1304 1.
711 1280 753 1319 p.
787 1264 882 1320 751.

284 1337 434 1376 Crescit
464 1337 514 1375 ad
547 1336 743 1389 margines
774 1349 984 1388 agrorum,
1019 1336 1060 1373 in
1109 1333 1326 1383 ruderatis,
1356 1342 1398 1374 et
1427 1336 1548 1374 etiam

343 1409 384 1446 in
415 1406 529 1462 sylvis
546 1405 704 1446 collinis
735 1413 774 1444 et
805 1407 1015 1444 montanis.
1037 1403 1098 1443 Fl.
1131 1407 1258 1459 majo,
1287 1406 1416 1459 junio,
1438 1404 1548 1459 julio.

238 1476 327 1533 194.
356 1476 795 1518 LITHOSPERMUM
832 1490 923 1516 arv
937 1489 1051 1515 ense
1081 1474 1198 1514 Linn.
1228 1489 1334 1529 spec.
1378 1475 1438 1530 pl.
1483 1474 1547 1515 ed.

288 1540 292 1545 ⁴
386 1546 524 1589 Willd.
561 1548 607 1587 T.
647 1562 678 1587 1.
709 1562 750 1601 p.
785 1547 880 1603 751.

287 1621 477 1661 Provenit
507 1621 548 1657 in
579 1619 708 1666 arvis,
738 1625 776 1657 et
815 1619 856 1656 in
903 1617 1060 1672 sepibus
1109 1618 1343 1671 praesertim
1388 1616 1547 1656 collinis

346 1704 469 1745 prope
500 1690 695 1738 Comum,
723 1703 750 1727 a
781 1688 1018 1742 Camnago‚
1053 1687 1246 1741 Civiglio,
1281 1687 1464 1728 Brunace
1492 1701 1546 1727 ec.

347 1760 410 1800 Fl.
441 1759 584 1814 aprili,
616 1762 734 1814 majo.

240 1831 328 1886 195.
358 1830 792 1871 LITIIOSPERMUM
819 1829 1400 1886 purpureo-coeruleum
1431 1828 1546 1868 Linn.

375 1916 482 1957 spec.
511 1902 568 1957 pl.
601 1901 663 1941 ecl.
709 1900 849 1943 Willd.
886 1903 933 1942 T.
973 1918 1004 1942 1.
1034 1918 1075 1957 p.
1110 1900 1204 1958 754.

289 1972 391 2011 Mihi
422 1975 599 2012 occurrit
629 1974 669 2012 in
701 1975 803 2026 agris
835 1971 992 2012 collinis
1021 1972 1068 2012 di
1103 1972 1312 2019 Garzola,
1346 1968 1393 2009 S.
1424 1968 1545 2008 Man-

346 2044 454 2092 cino,
498 2042 633 2092 Lora,
675 2059 799 2100 prope
849 2044 1036 2085 Comum.
1098 2042 1162 2083 Fl.
1208 2041 1359 2098 aprili,
1407 2042 1543 2094 majo,

353 2129 479 2168 junio.

240 2185 329 2239 196.
360 2185 613 2225 ANCIIUSA
643 2187 940 2240 officinalis
974 2186 1088 2233 Linn.
1117 2184 1295 2240 spec-pl.
1314 2181 1378 2223 ed.
1410 2179 1545 2224 Willd.

382 2257 429 2296 T.
467 2272 498 2296 1.
528 2271 569 2311 p.
604 2258 698 2312 756.
