1722 2823
304 107 360 136 20
565 86 915 133 TRIANDRIA
960 86 1248 135 DIGYNIA.

258 225 342 277 ιδῃ.
377 220 711 260 HOLOSTEUM
743 235 767 258 u
780 220 1077 260 mbellatum
1109 221 1225 260 Linn.
1267 236 1372 276 spec.
1401 222 1461 276 pl.
1491 223 1556 264 ed.

365 291 513 331 thllcl.
547 292 595 330 T.
634 307 663 331 Ι.
695 308 734 346 Ι).
770 291 864 344 489.

306 365 448 418 Reperi
480 365 581 401 inter
612 370 754 414 segetes
787 364 826 400 in
858 364 961 414 agris
1004 363 1194 416 planioris
1214 364 1458 404 Provinciae.
1489 364 1553 404 Fl.

363 433 479 489 aprili
500 463 511 482 ,
542 437 658 486 majo.

253 504 343 556 140.
373 503 734 545 POLYCARPON
767 512 940 558 tetrap
954 503 1099 556 hyllu
1117 518 1157 541 m
1196 503 1315 545 Lirzn.
1357 520 1463 559 spec.
1492 506 1555 561 pl.

360 576 423 614 ed.
457 574 604 614 lls‘z'lld.
642 575 688 614 T.
729 590 758 614 1.
790 590 831 629 p.
863 574 961 628 490.

302 648 436 686 Inveni
470 649 510 685 in
541 646 635 685 locis
667 644 825 684 incultis
856 653 894 683 et
924 646 1092 699 petrosis
1126 659 1252 699 prope
1285 646 1431 686 Arcem
1467 646 1551 687 Ba-

360 717 534 765 raddlo,
563 725 600 756 et
631 719 671 755 in
703 718 807 769 agris
837 729 953 770 supra
990 715 1114 755 Geno.
1146 715 1209 755 Fl.
1241 718 1354 769 junio
1374 745 1385 766 ,
1415 717 1526 771 julio.

387 927 525 1007 CL.
576 927 689 994 IV.
740 926 1395 992 TETRANDRIA.

709 1137 1098 1178 MONOGYNIA.

248 1303 757 1400 141.GL0BULAR1A
802 1348 1034 1401 vulgaris
1079 1346 1196 1387 Linn.
1243 1360 1351 1402 spec.
1397 1346 1456 1401 pl.
1487 1345 1552 1386 ed.

356 1418 506 1458 [Villcl.
541 1419 588 1458 T.
626 1433 657 1458 1.
689 1435 732 1474 p.
765 1418 858 1470 540.

293 1491 480 1529 Nascitur
509 1491 669 1530 abunde
699 1492 741 1529 in
787 1489 882 1529 locis
929 1490 1075 1543 apricis
1123 1503 1246 1543 prope
1292 1488 1493 1535 Comum,
1526 1501 1554 1526 a

356 1561 466 1600 Geno
485 1588 498 1609 ,
530 1560 736 1608 Garzola,
768 1559 998 1612 Camnago,
1027 1574 1084 1599 ee.
1115 1567 1155 1598 et
1185 1561 1226 1598 in
1247 1557 1418 1598 collibus
1438 1572 1551 1597 mon·

349 1631 534 1684 tibusque
563 1633 682 1670 totius
711 1631 792 1670 fere
820 1632 1069 1670 Provinciae.
1101 1629 1162 1670 Fl.
1197 1633 1301 1683 majo
1319 1658 1331 1678 ,
1364 1631 1486 1683 junio.

243 1699 330 1752 142.
362 1701 707 1741 GLOBULARIA
749 1701 1040 1749 cordisolia
1086 1701 1200 1740 Linn.
1248 1714 1354 1756 spec.
1385 1700 1448 1755 pl.
1486 1697 1549 1738 ed.

353 1769 499 1810 IVillcl.
538 1772 584 1810 T.
622 1787 654 1811 1.
685 1787 727 1827 p.
762 1771 854 1823 541.

292 1842 503 1897 Reperitur
551 1845 641 1883 satis
685 1845 840 1898 copiose
887 1845 928 1883 in
976 1844 1178 1883 montibus
1226 1843 1307 1882 sere
1353 1840 1539 1880 omnibus

352 1914 461 1952 Larii
492 1913 628 1963 lacus,
659 1922 697 1954 et
726 1917 910 1969 provenit
939 1917 1062 1954 etiam
1094 1916 1134 1953 in
1152 1914 1250 1954 locis
1286 1911 1445 1952 collinis
1464 1912 1548 1950 ari-

350 1984 408 2022 dis
438 1999 563 2039 prope
594 1986 779 2025 Comum.
811 1986 872 2025 l·'l.
905 1989 1015 2040 junio
1038 2015 1050 2035 ,
1079 1985 1193 2041 julio.

244 2052 333 2104 145.
366 2055 710 2098 GLOBULARIA
749 2057 1049 2097 nuclicaulis
1097 2057 1213 2095 Linn.
1243 2068 1347 2110 spect.
1385 2053 1447 2108 pl.
1477 2050 1543 2090 ecl.

355 2124 500 2164 lVith
538 2125 586 2164 T.
625 2142 656 2166 ι.
684 2143 728 2182 p.
762 2127 854 2179 542.

294 2195 393 2234 Mihi
426 2197 585 2236 obviam
619 2203 728 2238 venit
758 2201 798 2238 in
832 2207 964 2239 monte
988 2197 1164 2247 Codeno,
1194 2211 1312 2251 supra
1329 2196 1371 2234 la
1393 2194 1540 2233 Chiac-

345 2268 477 2316 ciaja,
506 2283 531 2307 a
566 2268 612 2307 S.
646 2268 813 2318 Primo,
850 2278 969 2323 atque
1015 2270 1115 2309 nelle
1162 2267 1372 2321 Oros-galle
1420 2279 1542 2320 prope

350 2337 543 2390 Bellagi'o.
574 2339 635 2379 1³1.
667 2339 794 2394 julio,
823 2348 1002 2394 augusto.
1034 2341 1237 2380 Invenitur
1270 2338 1376 2378 haud
1400 2351 1489 2377 raro
1521 2349 1543 2373 n

352 2411 522 2448 termino
552 2410 650 2463 Fagi
681 2425 803 2465 usque
832 2411 882 2451 ad
914 2413 1119 2463 regionem
1150 2411 1424 2451 subnivosam.
